2694 4764
515 49 522 82 l

226 359 229 364 .
317 407 723 518 EDITORIS
921 431 1036 512 ev·¹

44 565 157 660 perhnt
168 571 274 656 loca,
289 567 328 640 in
343 568 476 662 quihus
489 571 534 658 is,
549 571 612 664 qui
627 573 724 643 noro
741 571 857 646 studio
872 595 976 642 eum-

46 679 114 748 dem
134 677 300 750 adcurate
321 679 590 772 perquihverit,
618 683 678 752 vel
703 679 842 774 aliquid
873 679 977 750 diffe·

43 813 108 858 rens
124 792 167 860 ab
194 816 244 861 eo·
266 791 370 882 quod
395 813 500 874 nunc,
519 791 612 862 ,inde
633 793 814 884 prolatum
846 789 979 877 fuerit,

42 898 76 966 ht
90 919 285 991 reperturus
295 925 306 984 ;
328 896 672 994 vel-discrepantiam
693 887 908 971 ndnnullam
925 899 973 969 ab

43 1005 187 1098 impreffo
201 1021 377 1079 contextu
391 1057 402 1095 ,
422 1033 515 1102 quae
529 1009 747 1108 diligentiam
760 1012 884 1106 prioris
899 1011 975 1104 spe-

42 1117 184 1186 culatoris
205 1117 384 1214 effugerit,
404 1118 446 1190 fit
459 1119 747 1214 deprehensurus.
771 1121 894 1225 Quare
910 1143 975 1190 cu·

40 1223 108 1315 pio,
129 1243 238 1318 atque
254 1227 363 1297 etiam
377 1227 502 1321 spero,
523 1229 598 1301 fore
617 1245 657 1302 ut
673 1229 817 1325 posthac
832 1231 891 1301 vel
908 1254 980 1300 no-

41 1332 82 1402 bis
108 1335 203 1428 ipsis,
228 1335 401 1409 absoluti
424 1341 525 1412 bono
554 1366 639 1418 cuns
661 1341 743 1412 Deo
768 1342 833 1412 hac
858 1341 973 1435 prima

41 1441 236 1540 rudioreque
259 1443 395 1543 operti,
417 1459 527 1542 q‘usm
550 1449 589 1520 in
611 1449 839 1521 emendando
861 1447 975 1518 Athe·

40 1575 113 1622 nseo
133 1556 326 1648 ponimus,
351 1559 501 1651 potessas
527 1561 613 1635 olim
634 1559 764 1646 det'ur,
786 1573 847 1630 aut
864 1571 905 1628 ut
919 1556 973 1626 in⁴

40 1665 127 1734 terim
148 1667 200 1739 vir
218 1669 349 1762 aliquis
366 1663 491 1740 dusius
501 1669 680 1743 'Athenaei
698 1667 888 1768 studiosus,
906 1665 973 1760 qui

39 1767 178 1844 Lutetiae
195 1773 375 1862 versetur,
395 1776 487 1847 hanc
510 1777 573 1849 sibi
590 1777 812 1871 provinciam
837 1775 971 1860 surnat,

40 1885 225 1976 exemplum
240 1887 348 1958 huius
361 1884 509 1962 ausioris
528 1914 548 1958 a
565 1889 668 1960 nobis
681 1907 881 1980 utcumque
891 1907 972 1956 con·

38 1987 178 2062 stitutum
192 1993 319 2066 denuo
341 1983 451 2088 quarn
470 1997 725 2069 adcuratillrme
741 2021 825 2070 curn
838 1994 970 2067 eudem

39 2097 142 2171 codice
160 2103 417 2196 comparendi,
443 2107 587 2202 &quae
608 2109 667 2178 ille
688 2105 968 2200 suppeditaverit

39 2205 73 2274 ad
88 2211 352 2284 emendandum
366 2215 436 2288 hoc
450 2241 541 2312 opus
558 2217 731 2316 spicilegia
749 2217 786 2286 in
805 2209 971 2310 publicos

38 2312 101 2385 ulus
114 2319 333 2390 conferendi.

74 2423 245 2516 lscodex,
265 2417 401 2521 dequo
416 2429 534 2501 adhuc
556 2430 661 2502 verba
676 2429 844 2517 fecimus,
858 2429 975 2523 prius-¹

38 2551 125 2621 qusnr
139 2537 287 2628 aliquot
302 2537 432 2608 abhinc
451 2539 575 2626 annis,
596 2534 693 2610 bone
711 2537 884 2612 Athenaei
893 2537 969 2610 sor·

37 2636 127 2730 tuni,
152 2643 315 2716 Venetiis
339 2645 483 2718 Parisios
514 2647 630 2720 fuisset
667 2650 875 2736 translatus,
902 2669 970 2740 per

37 2750 125 2821 trium
140 2753 343 2826 seculorum
361 2755 615 2844 decursum,8c
634 2759 803 2851 amplius,
821 2757 859 2827 in'
877 2757 968 2826 Mar·

37 2857 133 2928 tianae
155 2856 399 2934 Bibliothecae
425 2861 542 2936 nescio
567 2863 703 2958 quibus
727 2862 969 2958 penetralibus

36 2967 73 3035 iu
89 2973 286 3043 reconditus
309 2971 437 3060 iacuit,
461 2990 504 3045 ut
521 2973 656 3044 nemini
674 2995 750 3044 non
775 2971 888 3042 modo
902 2994 968 3065 per

38 3076 129 3148 otium
152 3081 358 3152 excutiendi
380 3080 473 3152 illius
498 3081 669 3174 potestas,
701 3079 763 3150 sed
786 3105 833 3150 ue
856 3079 968 3172 inspi-
999 3121 1001 3132 ·

39 3184 132 3258 ciendi
155 3191 308 3282 quidem
336 3189 481 3264 facultas
503 3189 585 3260 dau
612 3187 711 3260 fuisse
736 3187 907 3260 videatur.
922 3193 964 3282 t)
1032 3191 1036 3200 '

37 3291 140 3370 Fuerat
165 3302 254 3371 olim
280 3301 478 3398 Bffrrionis
504 3300 714 3372 Cardisalise
744 3319 863 3391 eoque
887 3301 965 3370 viro

37 3475 118 3528 ‘ateis
134 3476 306 3534 uncelenum
321 3479 412 3536 hahere
428 3481 470 3534 vi·
508 3479 624 3551 imprell'o
644 3481 760 3549 exemplo
777 3491 878 3548 reperta
899 3491 963 3533 erat.

35 3543 152 3634 sparus,
180 3573 224 3611 aar
251 3561 278 3612 in
303 3561 395 3632 quibas
425 3563 469 3614 vel
536 3559 575 3630 y)
589 3561 642 3613 Nee
653 3559 731 3612 Aldus
743 3559 804 3611 olim
819 3555 965 3610 tutMusu·

37 3633 150 3686 uerunt·
173 3639 290 3706 quaedam
310 3639 337 3692 is
351 3655 394 3692 ora
413 3636 468 3692 edi·
505 3652 566 3702 rus,
579 3655 635 3690 cunr
652 3639 754 3706 prinam
773 3635 896 3690 Athenaei
912 3639 1002 3708 edi-¹·

36 3707 94 3762 tionis
102 3713 299 3770 &sanboniauae
312 3733 337 3772 a.
349 3718 376 3770 fit
393 3733 419 3788 3.
433 3717 468 3771 etr
505 3717 602 3792 tionem
616 3728 753 3778 curarent.
766 3715 792 3768 Et
801 3715 901 3778 codices
913 3714 968 3767 stu·

36 3787 143 3857 urowa,
157 3795 371 3866 veldlsceepantie
383 3799 466 3868 aliqua
506 3797 578 3852 ‹liose
589 3799 783 3868 conquirerent,
797 3815 844 3852 nec
853 3798 963 3852 llerrnu·

35 3859 164 3926 immense
203 3877 401 3936 membranarum
434 3879 466 3932 alr
506 3878 561 3933 uss
574 3877 890 3944 inhumanitatem
909 3878 965 3932 Co·
