2770 4766
408 490 494 544 cxn
657 463 1112 548 PRAEFATIO

394 627 530 702 ,laredc
546 653 669 728 urgere
681 629 880 726 inslaneque
901 655 977 704 non
990 617 1117 704 desinit
1126 637 1148 720 3⁸
1160 630 1274 704 donec
1296 630 1358 704 diu

410 739 564 833 quidem
579 739 834 826 reluslantem,
864 767 947 816 cum
970 742 1208 828 difficultates,
1230 741 1360 834 quibus

411 851 568 922 obsitum
589 850 751 944 undique
772 851 810 920 id
834 849 1019 946 negotium
1040 847 1147 935 esset,
1173 848 1359 943 suspicaret

412 963 583 1058 quidem,
600 989 675 1035 nec
697 983 817 1036 tamen
840 963 916 1034 satie
939 960 1186 1056 perviderem,
1212 961 1359 1034 tandem

411 1074 613 1168 permovit,
631 1091 673 1144 ut
686 1076 731 1144 ad
743 1071 1003 1168 procurandam
1016 1097 1119 1160 eam,
1136 1096 1246 1165 quam
1260 1075 1360 1144 vole·

391 1183 493 1272 -bat,
505 1183 677 1254 Athenaei
691 1181 898 1269 editionem,
913 1181 975 1252 vix
987 1197 1066 1251 tum
1075 1177 1247 1274 Simplicii
1258 1181 1361 1254 Com·

409 1292 584 1364 mentatio
607 1291 646 1362 in
660 1287 864 1386 Epilletum
878 1283 1039 1382 supremi
1051 1312 1161 1359 manu
1175 1284 1359 1383 impositi,

410 1425 555 1496 operam
579 1423 695 1472 meam
719 1399 1022 1492 qualemcumque
1045 1397 1238 1490 pollicerer.

458 1509 590 1600 Neque
616 1533 700 1579 vero
724 1509 795 1580 ulla
818 1504 1027 1578 conditione
1053 1527 1143 1576 onus
1162 1503 1276 1594 illud,
1301 1505 1359 1578 cui

409 1617 613 1690 sustinendo
637 1619 758 1710 pulcre
786 1637 955 1690 noveram
983 1638 1093 1707 quam
1117 1615 1265 1708 impares
1287 1619 1360 1690 mei

411 1727 518 1800 ellent
539 1727 703 1813 humeri,
734 1725 874 1820 imponi
901 1724 989 1796 mihi
1021 1723 1176 1818 passurus
1199 1723 1359 1816 fuissem

406 1839 473 1910 nist
493 1837 541 1910 ad
562 1827 810 1936 cogitationem
822 1835 1145 1924 ‘adiumentorum‚
1163 1861 1256 1930 quae
1271 1840 1361 1910 mihi

410 1950 538 2046 partim
558 1971 603 2018 ex
621 1945 991 2041 praestantissimorum
1011 1945 1180 2018 codicum
1197 1949 1359 2020 collatio·

409 2083 475 2146 ne,
498 2057 627 2152 partim
651 2081 695 2126 ex
717 2074 772 2128 tot
793 2051 1072 2134 doslisstmorum
1096 2057 1255 2130 vicorum
1279 2059 1361 2132 scri-

409 2170 504 2266 ptis,
532 2193 614 2240 cum
639 2166 687 2236 ad
708 2165 978 2250 emendandum
1008 2183 1088 2236 tum
1113 2165 1159 2238 ad
1185 2168 1358 2240 illusimu-

411 2279 502 2352 dum
515 2279 739 2349 Athenaeum
758 2269 1018 2370 spestantibus,
1036 2275 1171 2368 praesto
1187 2275 1295 2350 essent
1309 2281 1359 2352 su.

281 2373 284 2386 ’
399 2405 510 2476 tuta,
527 2388 602 2480 spes
623 2387 729 2456 etiam
750 2401 843 2456 certa
863 2382 1042 2455 accessisset
1055 2383 1102 2456 de
1114 2385 1187 2458 aliis
1203 2392 1361 2460 nonnul-

408 2500 450 2570 lis
472 2497 662 2594 insignibus
685 2495 876 2588 praesidiis,
900 2518 992 2587 quae
1017 2494 1107 2566 mihi
1127 2495 1165 2566 iu
1187 2521 1227 2566 ea
1248 2523 1360 2591 opera

408 2629 486 2678 non
519 2604 683 2674 defututa
715 2603 780 2673 esse
806 2603 1008 2696 persuasum
1038 2603 1226 2676 habebam.
1264 2607 1362 2680 Nam

407 2715 568 2809 primum
587 2709 737 2805 quidem
756 2715 941 2799 omnium,
962 2713 1120 2786 eiusdem
1141 2713 1214 2786 Viri
1240 2715 1359 2806 dosli,

409 2849 521 2923 quem
541 2824 610 2893 iam
626 2822 759 2916 saepius
774 2823 870 2912 dixi,
885 2823 1156 2897 Observationes
1167 2831 1361 2902 manuscri-

323 2960 326 2971 “
407 2949 507 3028 pus,
529 2932 574 3002 de
594 2932 727 3024 quibus
747 2933 794 3002 ad
811 2934 985 3004 Exterum
1006 2935 1165 3006 noslrum
1184 2942 1361 3010 transmit·

320 3098 323 3110 ,
392 3043 525 3133 ιτεηάἱε
546 3043 616 3112 iam
639 3061 711 3113 erat
734 3065 979 3134 conventum,
1008 3049 1235 3122 confidebam
1259 3077 1362 3146 prae·

408 3149 517 3244 cipuo
532 3149 618 3220 mihi
631 3151 845 3224 ¹adiumento
861 3153 1004 3228 futurae.
1025 3153 1124 3225 Tum
1144 3181 1228 3229 vero
1246 3161 1361 3230 maxi·

338 3325 345 3344 ‚
408 3287 483 3336 mae
503 3259 578 3355 spes
599 3261 637 3330 in
661 3261 852 3332 Bnuucxu
871 3265 975 3334 nostri
996 3264 1257 3339 &eruditionis
1280 3271 1361 3342 the·

407 3368 512 3440 sauris
532 3371 564 3440 dc
585 3369 835 3441 benevolentia
857 3397 1073 3466 amoreque,
1095 3400 1171 3467 quo
1193 3403 1252 3448 me
1276 3381 1360 3450 lon-

409 3481 459 3578 gis
478 3481 607 3551 abhinc
626 3482 723 3550 annis
742 3477 1009 3576 compleslitur,
1028 3487 1256 3578 reponebam.
1278 3491 1316 3560 N
1320 3513 1362 3562 ec

410 3590 508 3659 enim
520 3588 635 3659 solum
656 3590 905 3679 confidebam,
925 3617 968 3664 ex
985 3591 1233 3672 instrulliffima
1250 3601 1362 3672 huius

409 3695 487 3770 Viti
512 3697 729 3768 bibliotheca
753 3701 953 3774 necessarios
977 3701 1085 3776 libros
1109 3733 1261 3795 omnes,
1291 3713 1363 3803 qui

408 3800 555 3874 aliunde
576 3825 650 3872 non
669 3803 919 3897 suppeterent,
933 3811 1067 3902 praello
1088 3813 1362 3904 mihisuturos3

408 3933 537 3983 vetum
562 3913 668 3984 etiam
693 3913 799 4010 ipsius
824 3915 899 3990 Viti
923 3921 1196 4013 praestantissimi
1223 3928 1363 4020 (quem
