2694 4764
302 483 711 557 eurroars.
875 505 969 558 cam
1064 462 1066 470 '

39 644 218 740 praesertim
255 645 293 716 in
327 643 404 738 ipso
435 643 546 716 ¹etiam
573 641 755 718 Athenaeo
786 637 969 716 tranando

41 757 190 851 iugulare
221 754 378 824 studium
410 755 499 826 olim
529 751 676 848 posuisse
705 755 912 849 noveram)
937 751 971 828 sc

40 866 223 936 eruditione
248 865 280 934 sc
309 865 452 962 ingenio
478 863 661 957 quibusvis
686 863 725 936 in
746 867 830 937 locis
849 867 973 940 diffici-

40 979 192 1064 lioribus,
218 978 290 1048 save
319 977 365 1048 ad
391 976 685 1064 emendandum,
716 977 785 1048 five
814 979 861 1050 ad
891 981 975 1052 illu-¹

40 1087 204 1157 strandum
233 1089 331 1158 hunc
353 1081 549 1171 aussorem,
572 1109 631 1156 me
646 1085 687 1156 iri
709 1086 887 1160 adiutum.
907 1091 975 1163 De·

41 1197 156 1288 nique,
181 1218 300 1288 quum
325 1194 480 1287 piurima
504 1217 746 1287 panaretum,
774 1195 821 1266 de
843 1197 978 1289 quibua

42 1304 134 1374 rerba
160 1301 244 1373 facit
268 1301 492 1389 Athenaeus,
522 1325 568 1372 ex
597 1302 778 1374 universae
801 1303 978 1378 Naturalia

42 1413 195 1486 Historiae
216 1416 287 1484 late
302 1412 508 1505 patentibus
526 1413 656 1507 campis
674 1411 760 1483 esset
780 1419 910 1508 petita,
927 1418 980 1488 es·

43 1525 151 1619 setque
169 1523 262 1596 mihi
278 1523 442 1620 collega,
462 1521 635 1614 idemque
655 1519 687 1590 sc
706 1521 861 1613 vicinus,
878 1528 911 1596 s<
931 1527 980 1600 sa·

42 1637 167 1706 miliaria
191 1635 240 1705 ab
262 1633 412 1704 ineunte
433 1647 547 1704 aetate
570 1627 890 1723 commissimus,
913 1637 980 1710 10³

44 1761 177 1816 arunas
195 1743 473 1832 Hanuauuum
494 1739 846 1816 consummatissimus
866 1745 981 1816 Natu-

43 1877 89 1922 raa
109 1854 222 1923 omnia
246 1850 468 1924 scrutator&
486 1852 681 1946 interpres,
708 1850 981 1946 idemquehw·

45 1961 231 2031 mauiorum
254 1957 420 2030 omnium
439 1958 623 2029 literarum
641 1956 904 2050 &antiquitatis
921 1973 984 2036 co*

44 2069 190 2165 grtitione
215 2070 364 2140 mirifice
390 2067 578 2154 imbutum
618 2086 714 2140 cetto
736 2067 911 2160 sciebam,
936 2064 983 2146 ad

47 2179 136 2249 huius
160 2178 241 2252 Viri
261 2179 505 2250 eruditionem
525 2179 861 2274 humanitatemque
882 2207 985 2277 aper⁴

47 2303 114 2358 turn
137 2287 227 2358 mihi
252 2286 330 2358 fore
351 2287 518 2374 aditum,
546 2285 843 2380 quotiescumque
864 2291 902 2360 in
920 2291 986 2361 ali·

46 2419 106 2486 qua
128 2421 166 2469 re
187 2395 238 2467 ad
263 2396 415 2466 Naturae
443 2394 686 2492 coguitionem
712 2393 890 2488 spesiante
916 2397 986 2470 du·

45 2491 157 2576 bitatio
182 2503 299 2576 fuisset
322 2503 460 2576 oborta.
494 2502 610 2609 Quod
636 2503 699 2572 nifi
724 2522 821 2576 certo
844 2505 986 2600 persua—⁴

47 2613 113 2686 sum
133 2615 357 2702 habuissem,
385 2617 541 2714 (iterato
568 2611 728 2708 'profiteri
755 2640 830 2690 non
861 2621 985 2718 piget)

46 2728 177 2798 illorum
197 2727 453 2822 praesidiorum
473 2727 615 2797 nullum
636 2727 673 2798 in
695 2729 763 2802 hoc
781 2729 905 2803 labore
926 2736 987 2805 mi·

47 2837 78 2906 hi
99 2837 330 2921 defuturum
358 2853 561 2928 numquam
580 2832 768 2929 profesio,
794 2863 869 2911 non
888 2841 985 2932 dico,

48 2945 136 3015 ausus
150 2943 258 3016 essem
275 2943 328 3013 isti
345 2944 445 3014 oneri
465 2965 563 3012 meos
584 2943 749 3014 humeros
771 2944 985 3035 subducere3

46 3051 98 3123 sed
118 3077 184 3125 nec
211 3052 526 3147 compellationem
552 3051 599 3121 de
616 3075 660 3122 eo
681 3051 902 3146 suscipiendo
924 3079 988 3126 au·

48 3163 135 3252 dire,
156 3181 221 3238 aut
245 3163 438 3234 deliberare
464 3185 510 3233 an
530 3162 749 3256 suscepturus
770 3159 900 3252 essem,
922 3167 989 3236 ne'e

49 3297 109 3362 ne,
128 3270 371 3346 sustinuissem.

118 3381 165 3452 Ea
203 3379 310 3478 igitur
337 3381 396 3473 spe
424 3372 558 3450 etesius
590 3375 701 3448 fidem
732 3395 851 3449 meam
882 3377 992 3450 Exte-

50 3469 297 3572 ῐοΜεηως
322 3511 413 3581 opue
436 3511 531 3556 eram
551 3482 743 3581 adgressum
763 3505 829 3555 nec
852 3485 922 3556 iam
948 3487 992 3557 li·

51 3596 146 3664 cebat
179 3594 312 3690 pedem
346 3593 528 3686 recipere3
563 3616 645 3663 cum
684 3591 869 3685 inopinato
909 3620 992 3693 pro·

53 3703 247 3794 petundum
276 3703 397 3772 omnia
422 3703 481 3772 illa
503 3699 692 3795 praesidia,
725 3701 857 3794 quibus
884 3701 992 3776 fretus

54 3835 122 3882 rem
138 3812 376 3906 susceperam,
397 3812 600 3884 evanescere
618 3811 649 3880 sc
665 3812 777 3882 veluti
794 3837 814 3883 e
830 3813 994 3884 manibus

54 3919 133 3990 meis
152 3939 270 4012 erepta
292 3918 376 3992 vidi.
401 3918 465 3991 Vir
486 3911 630 4006 dusius,
651 3919 716 4012 qui
734 3918 809 3991 suas
823 3921 867 3992 in
882 3923 995 3996 Athe·

143 4029 259 4100 Athen.
289 4027 355 4100 Vos.
379 4029 410 4101 1.
607 4107 610 4112 ,
633 4062 640 4078 ι
796 4029 822 4099 h
