2694 4764
284 469 691 580 aorrorrs.
883 500 951 557 uxr

30 623 76 707 sto
92 627 194 707 vum
221 633 290 729 qui
315 634 347 707 ic
376 637 540 730 probavit
570 634 764 716 rationem}
795 635 952 737 &aegre

29 745 174 836 quidem,
193 745 252 817 sed
265 759 385 818 tamen
403 747 502 840 spem
523 745 625 833 fecit,
647 747 681 817 se
705 738 819 840 ipsum
836 765 950 820 totam
1069 739 1070 746 ἵ

29 853 106 925 illam
121 879 262 950 operam
283 857 321 926 in
343 857 377 927 se
399 859 655 950 suscepturum.
680 857 726 928 Ea
747 859 808 951 spe
831 856 954 928 incita·

28 979 72 1032 tus
87 964 242 1060 Exterusl.
269 961 480 1040 Godoiredo
504 967 645 1054 nostro,
678 969 828 1038 alterum
861 986 951 1037 tunc

27 1073 78 1144 iter
94 1075 266 1148 Lutetiam
289 1073 525 1172 ingredienti,
563 1074 622 1144 dat
646 1075 684 1144 in
706 1075 899 1162 mandatis,
926 1076 952 1147 si

27 1184 114 1279 quid,
134 1187 235 1280 quod
255 1187 559 1280 operaepretium
580 1185 655 1256 fore
675 1186 873 1272 videretur,
891 1185 976 1271 ose

26 1288 132 1362 ferrent
159 1294 311 1364 Codices
339 1293 564 1382 parisienses,
588 1295 779 1388 (quorum
809 1291 951 1362 nonnrfi

27 1398 97 1470 duos
114 1403 187 1473 illoc
210 1419 300 1474 tunc
321 1403 481 1500 cognitos
502 1401 748 1492 habebamus,
779 1404 844 1495 qui
866 1401 950 1472 sunt

25 1506 54 1579 in
71 1510 220 1606 impresso
239 1511 415 1610 'Cataiogo
432 1511 609 1582 Codicum
624 1509 948 1604 manuscriptorum

23 1611 319 1714 commemorem)
340 1638 383 1692 ut
406 1622 443 1692 id
466 1622 504 1691 in
528 1622 630 1692 usum
648 1645 762 1693 novae
774 1619 949 1692 Athenaei

24 1721 168 1804 Editionir
189 1731 342 1804 studiose
360 1749 576 1826 excerperet.
605 1730 681 1838 Qui
702 1755 821 1824 quum
844 1731 896 1802 ibi
917 1729 950 1802 ic

22 1839 322 1926 praestantissimum
343 1843 455 1913 totius
469 1841 657 1935 Epitomae
676 1841 837 1912 codicem
860 1843 949 1930 olim

23 1941 255 2034 sedunensem,
280 1948 482 2020 &vetustae
509 1943 585 2019 illas
606 1945 807 2020 Bessarionie
831 1974 949 2020 mem-

21 2049 122 2124 branas
139 2054 339 2152 reperisset:
353 2081 396 2128 eo
414 2057 548 2128 nuncio
568 2056 612 2126 ad
632 2081 796 2154 magnas,
813 2058 866 2129 uti
882 2081 946 2152 par

20 2177 91 2246 erat,
101 2161 171 2256 spes
188 2159 324 2236 etesius
338 2162 501 2240 Exterm,
514 2165 584 2234 iam
603 2164 710 2257 plane
730 2180 839 2256 atque
854 2187 950 2258 prae«

20 2267 73 2340 cise
91 2271 201 2346 eidem
227 2273 368 2360 iuveni,
387 2291 429 2344 ur
451 2274 595 2344 illorum
613 2271 781 2344 codicum
805 2291 947 2344 utrum·

18 2400 191 2474 quaquam
209 2383 464 2454 adcuratissrme
480 2379 707 2456 excuteret&
729 2405 813 2452 cum
827 2380 946 2454 Cusau·
1003 2401 1011 2432 s
1064 2387 1068 2394 '

21 2484 151 2564 buriano
182 2489 354 2587 exemplo
389 2511 635 2588 compararet,
668 2492 872 2564 mandavit:
899 2517 946 2574 eu

21 2597 114 2670 minus
129 2623 231 2673 nunc
247 2603 489 2674 recusaturum
509 2597 657 2672 doctum
677 2602 782 2672 iilum
794 2599 947 2689 Virum,

18 2727 109 2796 quem
128 2705 233 2796 dixi,
259 2727 374 2798 ratus,
396 2709 487 2803 quin
510 2709 660 2784 Editoris
682 2733 814 2782 munus
839 2733 945 2780 onus-

19 2836 75 2904 que
96 2819 299 2914 susciperet‚
323 2845 406 2892 cum
432 2822 477 2892 ad
502 2822 663 2914 reliqua,
685 2847 777 2914 quae
801 2822 868 2892 iam
889 2847 945 2914 pa·

17 2943 71 2995 rata
86 2928 152 3022 ipse
176 2928 374 3016 habuisset,
397 2931 466 3010 hoc
486 2947 560 3002 tarn
583 2930 716 3028 insigne
729 2929 944 3024 praesidium

16 3029 79 3106 esset
95 3037 315 3112 accessurum.
338 3037 388 3110 At
404 3041 431 3110 ir
449 3035 544 3128 iam,
568 3039 684 3110 nescio
707 3063 777 3132 qua
791 3038 940 3111 slvere·

17 3143 184 3232 recundid,
213 3168 306 3238 quae
328 3147 482 3218 modurn
504 3164 599 3216 certe
617 3147 827 3234 excedebat,
851 3169 941 3238 quaa

16 3271 48 3320 re
62 3251 120 3326 alid
137 3252 253 3328 caudi
264 3275 442 3341 retentus,
457 3243 732 3351 subindebnagis
748 3277 855 3347 atque
869 3280 942 3326 ma·

17 3361 53 3456 gir
74 3365 240 3439 caussatur
261 3363 410 3438 instituti
431 3363 637 3436 huiusmodi
665 3364 941 3449 difficultatem,

15 3469 48 3536 id
62 3492 258 3546 extremum
276 3471 414 3567 prorsus
434 3496 473 3544 ac
493 3471 664 3542 destinato
682 3469 850 3546 recusarit
862 3469 941 3540 Edi·

16 3580 324 3676 comprovinciam.
354 3581 407 3652 Ita
430 3580 475 3653 ad
498 3605 581 3668 me,
607 3577 707 3650 cuius
733 3580 939 3650 interventu

15 3687 148 3782 itprima
162 3695 256 3767 illius
269 3693 402 3787 incepti
416 3691 581 3790 cogitatio
603 3689 719 3760 adlata
740 3688 870 3762 Extero
881 3689 938 3775 ‚tc

14 3799 293 3875 conserendorum
314 3803 484 3874 codicum
502 3799 824 3893 manuscriptorum
852 3798 939 3869 inita

13 3907 80 3978 urio
95 3909 227 4005 suerat,
238 3913 311 3986 adit
325 3899 423 3985 idern
435 3913 607 4000 Exterus,
630 3933 764 4002 meque
777 3909 937 4001 compei·
