2694 4764
372 475 471 532 nn
616 437 1072 586 anrhrrrro

376 643 507 690 naeum
536 614 815 693 Observationes
845 621 979 694 Extero
1010 623 1188 718 pollicitus
1224 641 1308 717 erat,

369 729 565 824 'pollqnam
583 729 774 818 intellexit,
798 730 888 801 mihi
910 731 1084 803 Editionir
1102 736 1308 836 ‘provinciam

367 838 441 912 elle
456 839 628 926 delatam,
654 839 799 934 iamque
818 839 962 910 initium
982 863 1041 910 me
1060 840 1176 914 fecille
1188 867 1230 914 ex
1245 867 1309 914 om·

368 952 411 1022 ni
435 949 609 1044 libporum
633 949 763 1043 copia,
794 949 859 1043 qui
887 949 979 1020 mihi
1005 948 1181 1040 adellent,
1214 974 1309 1045 quae·

371 1082 532 1152 cumque
563 1059 600 1128 in
626 1057 801 1130 Athenaei
830 1058 911 1130 usus
942 1057 1097 1131 facerent
1120 1059 1306 1145 enatandi,

365 1168 576 1268 significavit
596 1163 723 1256 nob'ir,
748 1167 827 1240 luas
844 1169 1117 1242 Observationes
1141 1170 1229 1240 nihil
1248 1169 1308 1240 lere

370 1279 470 1352 aliud
493 1276 556 1348 nih
571 1276 681 1346 Notas
699 1299 745 1347 err
757 1275 896 1346 'eisdem
908 1273 1033 1365 libris,
1051 1277 1097 1350 de
1111 1278 1307 1374 quibus‘ego

368 1388 417 1459 ad
441 1413 526 1460 eum
547 1385 764 1480 scripseram,
788 1388 996 1476 continere,
1010 1411 1130 1482 neque
1143 1389 1232 1462 adeo
1246 1413 1309 1458 nn·

367 1521 442 1596 gno
459 1494 549 1565 mihi
573 1493 783 1566 adiumento
805 1493 899 1566 fore:
922 1495 1081 1587 denique
1104 1494 1138 1566 se
1161 1492 1307 1568 eremis·

362 1609 491 1678 lurum
513 1601 580 1674 elle
601 1604 764 1700 negarit,
781 1603 843 1691 lc,
863 1629 1087 1698 quamquam
1107 1607 1181 1677 aliis
1201 1607 1310 1677 multia

366 1713 485 1787 modis
503 1712 550 1782 ad
579 1712 677 1788 hunc
700 1737 815 1806 neque
844 1713 1175 1802 dieminllitutum
1194 1737 1307 1786 meum
1343 1745 1344 1806 j

361 1825 544 1896 benevole
564 1823 690 1894 iuvare
705 1837 787 1894 'aron
809 1823 956 1911 destitit,
975 1841 1100 1906 tamen
1120 1825 1167 1897 ab
1190 1827 1245 1896 illa
1264 1847 1308 1894 re·

361 1932 464 2028 pulsa
487 1954 563 2002 non
584 1929 695 2025 pallui
718 1931 765 2002 est
783 1932 822 2002 le
845 1932 1031 2004 dimoveri.
1062 1933 1305 2018 nannenus,

360 2063 614 2140 quoecumque
638 2036 790 2132 quidem
807 2039 920 2110 libros
931 2040 969 2110 in
980 2040 1032 2114 hie
1044 2039 1248 2138 regionibus
1260 2063 1306 2109 ra·

360 2145 472 2223 riores
484 2147 537 2219 ab
557 2173 602 2220 eo
620 2167 799 2242 peterem,
820 2172 845 2219 -e
862 2147 996 2241 quibua
1014 2173 1109 2242 quae
1132 2149 1182 2220 ad
1205 2149 1306 2220 Athe·

361 2278 497 2330 naeurn
517 2253 760 2326 conducerent
782 2275 1027 2348 excerperem,
1051 2277 1119 2348 pro
1140 2253 1306 2326 sualch
1343 2343 1344 2348 Ἰ

361 2383 422 2436 rne
443 2363 699 2436 benevolentia
722 2363 756 2436 8c
777 2363 888 2465 bonas
910 2363 1024 2434 literas
1049 2365 1306 2464 quovismodo
1343 2373 1344 2384 ’

360 2471 508 2542 iuvandi
528 2472 663 2560 studio,
688 2474 777 2543 nihil
798 2473 887 2544 mihi
908 2495 1056 2570 negare,
1082 2473 1307 2546 liberalillrme

362 2583 484 2654 omnia
503 2581 774 2655 subministrare:
808 2583 878 2672 At,
907 2583 1072 2656 absoluto
1100 2583 1176 2659 fere
1202 2603 1331 2658 ericen*

361 2690 570 2786 pendorum
593 2691 768 2765 librorum
787 2693 927 2780 labore,
950 2693 1186 2788 absolutaque
1203 2697 1308 2791 prima

358 2797 506 2874 rudiore
529 2799 639 2872 totius
666 2799 780 2894 operis
801 2796 1097 2894 pertrallat‘ione,
1124 2806 1306 2903 postquam

356 2906 533 2980 eumdem
557 2905 687 2978 Virum
711 2907 803 2993 adii,
829 2907 876 2978 de
902 2903 989 2981 locis
1010 2913 1205 2982 nonnullia
1224 2907 1306 2982 diffi-

336 3019 538 3090 cilioribus
556 3043 603 3089 err
623 3019 743 3112 primo
761 3013 937 3088 Athenaei
960 3015 1054 3093 libro
1063 3020 1305 3108 consulturus,

354 3127 514 3223 primum
533 3131 593 3202 ille
611 3129 659 3201 de
678 3128 736 3200 die
754 3128 792 3198 in
814 3127 911 3200 diem
931 3153 990 3200 me
1005 3129 1170 3220 differre,
1190 3132 1235 3203 ad
1251 3153 1306 3204 ex·

274 3230 290 3256 ²
355 3255 512 3314 tremum
528 3240 676 3340 graviter
697 3231 854 3310 adfeilus
877 3237 998 3310 animo
1012 3242 1081 3310 tale
1102 3239 1304 3335 responsum

353 3351 456 3423 dare:
476 3354 695 3449 „Pergerem
716 3350 762 3420 ab
780 3349 856 3443 ipso
874 3365 996 3442 petere
1013 3373 1106 3442 quos
1118 3351 1251 3422 vellem
1265 3349 1305 3419 li·

353 3459 491 3548 „broa3
521 3462 709 3532 lubentem
731 3458 765 3530 se
789 3481 942 3545 eorum,
971 3459 1199 3552 quicumque
1210 3445 1302 3536 OEdi

352 3585 469 3654 „ante
493 3563 661 3654 horotio
676 3589 786 3636 annos
802 3583 966 3660 acceptae
990 3567 1225 3661 supereffent,
1247 3593 1304 3641 co·

351 3671 482 3766 „piam
506 3675 597 3744 mihi
621 3669 820 3746 facturum:
845 3674 906 3746 sed
926 3675 1006 3747 fise
1026 3702 1165 3766 amem,
1202 3679 1301 3750 nullo

349 3807 494 3875 „porro
515 3783 705 3855 verbovel
732 3786 780 3856 de
799 3783 984 3856 Athenaeo
1009 3791 1067 3857 vel
1090 3789 1138 3859 de
1161 3787 1299 3858 Graecis

348 3893 535 3982 „omnino
553 3895 658 3967 literis
667 3897 864 3991 proferam
888 3897 1041 3990 quibus,
1058 3897 1126 3998 fuir
1142 3899 1233 3970 olim
1244 3897 1302 3968 de·
