2778 4772
653 326 662 374 l

328 475 380 534 xx
577 461 662 534 1²12
686 461 716 532 A
740 459 774 532 E
794 457 828 533 f
846 461 877 534 A
907 459 980 536 Π
1005 457 1035 532 0
1103 471 1108 482 ·

327 619 425 694 thius
445 619 518 710 est,
541 619 600 692 sed
616 619 687 691 sola
714 619 793 719 Epi
803 637 906 690 tome
922 643 969 690 ex
988 618 1148 713 pleniore
1171 639 1282 714 opero

212 717 216 738 ¹
327 725 517 809 coninua.
540 727 699 816 Scilicet,
726 728 829 823 quod
849 729 923 800 aliia
948 727 1164 800 Graecorum
1189 727 1283 802 Scri·

327 862 477 942 prorum
497 838 687 933 operibus,
711 861 804 938 quae
828 839 877 910 ob
898 837 998 910 suam
1018 841 1152 910 molem
1171 837 1204 910 8:
1222 861 1283 912 ca·

326 959 419 1034 riora
438 954 470 1028 lc
490 951 615 1023 rariora
635 967 756 1038 erant,
779 949 935 1038 accidit,
957 965 1021 1036 ut,
1049 973 1125 1042 quo
1146 947 1281 1020 facilior

328 1092 350 1140 a
369 1063 529 1162 pluribus
553 1061 734 1133 literarum
760 1059 917 1132 studioso
938 1059 1133 1154 comparari
1155 1052 1281 1130 nalla-

328 1179 433 1272 rique
450 1173 612 1270 pollent,
631 1173 743 1246 recifit
767 1195 860 1268 quae
880 1171 998 1242 minus
1013 1183 1076 1240 aut
1098 1165 1197 1237 utilia
1216 1183 1280 1238 aut

326 1284 508 1360 necellaria
525 1283 766 1372 videbantur,
781 1283 818 1354 in
833 1281 1008 1380 angustius
1019 1279 1171 1374 spatium
1187 1279 1279 1352 recli-

326 1397 532 1497 gerentuml
545 1397 558 1489 )
581 1394 678 1467 idern
702 1393 924 1466 inAtlrenaei
950 1391 1055 1463 nollri
1077 1389 1279 1486 Deipnoso-

325 1508 469 1603 pristis,
492 1507 670 1578 incertum
693 1521 785 1602 quot
798 1500 1124 1586 anteliullathium
1142 1500 1278 1592 seculis,

325 1641 448 1710 quove
475 1641 495 1685 a
518 1615 668 1710 viro,·)
687 1630 869 1688 tentatum
897 1605 1170 1707 perfessunrque
1192 1627 1278 1682 erat.

324 1725 403 1797 Nec
433 1748 517 1796 vero
547 1726 711 1820 ineptum
739 1741 800 1794 aut
821 1720 1009 1794 indotlum
1041 1719 1139 1792 fuiile
1159 1721 1280 1792 homi·

324 1817 436 1923 nem,
458 1833 522 1926 qui
543 1834 639 1904 illam
663 1831 836 1904 Athenaei
856 1832 1024 1916 'Eecroplv
1045 1833 1113 1902 srve
1139 1850 1184 1902 ex
1202 1831 1279 1924 ple·

323 1941 425 2014 niore
443 1967 550 2036 opere
565 1942 766 2031 nuperum
781 1939 1005 2036 confecit,⁸)
1020 1941 1190 2034 adparet:
1212 1963 1279 2010 nec

324 2064 399 2122 tam
423 2048 553 2146 exiguo
579 2048 741 2137 iudicio,
775 2065 838 2118 aut
860 2067 934 2120 tam
958 2049 1116 2120 violenta
1139 2069 1277 2136 manu,
1381 2107 1382 2152 3

291 2157 294 2166 ’
323 2181 435 2250 quam
455 2156 492 2226 in
512 2158 585 2228 aliis
606 2157 790 2228 nonnullis
811 2173 975 2229 veterum
994 2160 1126 2260 scriptis
1148 2159 1205 2229 alii
1228 2157 1279 2229 fe·

214 2307 217 2314 ·
323 2281 473 2352 cerunt,
498 2281 720 2335 truncaverat
749 2263 810 2334 ille
834 2264 938 2336 suurn
955 2259 1161 2352 auclorem3
1192 2265 1277 2354 sed,

321 2371 398 2444 satir
418 2373 595 2470 probabili
623 2375 786 2468 instituto
810 2369 964 2465 luecio,
991 2393 1116 2470 quarta
1139 2375 1278 2450 circiter

278 2609 291 2636 0
320 2571 419 2634 tisl'rrri,
433 2569 545 2640 quipoll
554 2569 780 2626 Eullatlriunrl'cri·
815 2575 861 2626 alm
876 2573 899 2625 6
915 2569 1041 2638 ΜΛ
1055 2575 1279 2646 fieporro)quicl·
1299 2641 1302 2648 Ι

323 2643 391 2719 pile:
411 2666 463 2702 nec
477 2665 508 2703 ea
524 2649 580 2718 ipso
595 2651 724 2704 Athenaeo
732 2652 780 2704 clu·
820 2653 879 2722 quid
893 2671 925 2706 ex
938 2667 970 2706 eo
980 2670 1070 2724 genere
1081 2673 1206 2724 equoque
1215 2657 1278 2709 scri·

319 2726 360 2780 ela
371 2726 430 2778 suot
440 2743 502 2794 quae
513 2726 547 2778 ibi
563 2725 711 2780 adferuntur
722 2744 780 2782 ver·
819 2744 893 2801 prore
907 2735 1026 2786 traditum
1043 2733 1123 2800 elset,
1141 2737 1277 2808 colligere·

320 2808 369 2870 ba,
386 2821 415 2858 at
429 2823 461 2859 ne
476 2823 509 2860 ex
527 2789 646 2874 Epitome
661 2808 779 2875 quidem,
818 2822 876 2864 tur:
894 2831 946 2882 quo
964 2812 1054 2876 fiebat,
1068 2825 1097 2866 ut
1105 2813 1229 2884 discerpta
1239 2819 1278 2870 la·

320 2883 364 2938 sed
387 2901 421 2939 ex
443 2884 563 2938 Eustachii
585 2886 729 2958 &mma
747 2887 779 2939 ed
817 2905 953 2960 ceraraque
973 2891 1095 2960 euiel'que
1118 2895 1203 2962 operis
1229 2895 1279 2948 l'ra·

319 2962 410 3035 otyu.
423 2961 461 3032 γ’.
479 2985 506 3035 p.
519 2983 580 3036 ¹3²·
598 2983 641 3036 3²·
818 2984 915 3040 grnenta
927 2971 1160 3042 perquinquaginta
1170 2977 1278 3027 volumi·

352 3049 384 3118 l)
400 3049 459 3099 Non
476 3048 524 3100 ianr
541 3049 632 3116 loquor
642 3049 674 3102 cle
688 3066 720 3102 eo
736 3067 779 3121 ge-
816 3063 850 3098 ιιι
865 3047 1077 3118 dispergerentur.
1082 3049 1168 3136 ΝΜ
1183 3051 1220 3104 erl
1233 3070 1278 3122 ge·

320 3140 380 3178 nere
391 3122 571 3193 Excerprorunr,
585 3141 666 3194 quae,
682 3125 777 3196 lignun
817 3143 865 3180 nuc
877 3127 1043 3198 Excerpeomn
1060 3131 1103 3182 vel
1119 3129 1277 3202 lelegum,

317 3205 429 3272 tollente
448 3203 511 3271 lurp.
535 3202 703 3258 Constantino
714 3206 779 3258 Por·
816 3207 848 3260 cle
863 3226 914 3276 quo
931 3209 971 3262 hic
986 3209 1088 3278 agitem
1109 3226 1163 3278 qno
1180 3211 1277 3264 veteris

320 3284 508 3352 phyrogeneta‚
527 3281 613 3335 seculo
627 3283 682 3350 post
699 3285 730 3339 C.
741 3287 777 3336 N.
815 3283 922 3336 alicuius
935 3285 1071 3352 Scriptoric
1081 3302 1146 3354 opus
1162 3305 1178 3338 a
1193 3289 1277 3357 capite

321 3359 619 3426 deeimssxffiuoricic
632 3361 777 3416 Graecicei
816 3363 847 3414 acl
867 3365 959 3416 calcem
981 3363 1103 3415 continuo
1129 3377 1221 3420 tenore
1238 3365 1276 3421 ita

318 3443 418 3494 ratione
434 3437 550 3490 conferta
561 3437 634 3502 sunt,
650 3454 679 3492 ut
694 3438 776 3491 omnir
815 3442 1031 3508 pertraiiabatur,
1049 3457 1093 3507 ut,
1110 3444 1230 3514 quidquid
1249 3446 1277 3498 in

318 3518 476 3588 antiquitatis
491 3520 598 3586 notitia,
627 3538 674 3588 pro
702 3520 775 3574 vario
815 3533 847 3572 eo
863 3535 924 3586 prae
938 3518 1043 3574 caetetir
1060 3522 1103 3573 vel
1118 3521 1274 3576 frufluosun

318 3601 458 3668 argumenti
473 3615 582 3668 genere,
604 3600 630 3651 in
649 3601 776 3669 quinqua·
815 3599 858 3650 vel
874 3599 1011 3650 iucundum
1023 3609 1067 3651 aut
1079 3601 1183 3652 omnino
1193 3603 1276 3655 obser·

318 3679 387 3750 ginta
411 3677 438 3729 ἃ
458 3690 521 3746 quot
539 3679 650 3732 excurrit
673 3680 775 3732 'liruloe
815 3675 918 3728 vatione
929 3677 1032 3747 ὤμω
1044 3677 1126 3730 visua
1144 3677 1223 3742 effer,
1235 3678 1275 3733 se·

318 3756 515 3824 discerperem
529 3758 573 3808 sub
588 3775 695 3826 quorum
708 3759 773 3810 titu-
810 3756 948 3826 ligeretun
966 3757 1110 3827 ungulaque
1123 3760 1212 3812 eodem
1230 3778 1274 3812 or·
1375 3787 1376 3816 l

317 3837 399 3890 lorurn
414 3849 567 3904 unoquoque
584 3836 702 3903 (veluti,
721 3854 773 3890 uno
812 3837 884 3896 dine,
899 3855 951 3905 quo
967 3838 1029 3890 usuc
1045 3838 1098 3906 ipse
1110 3841 1273 3907 autorem,
1375 3841 1376 3852 ¹

317 3913 540 3987 deceptionibus,
557 3915 608 3970 alio
626 3918 654 3968 de
675 3913 775 3969 Vmor·-
811 3913 1206 3988 descnpncouigerennuzquae
1215 3938 1271 3988 pro·
