<?xml version="1.0" encoding="UTF-8"?>
<!DOCTYPE html PUBLIC "-//W3C//DTD XHTML 1.0 Transitional//EN"
    "http://www.w3.org/TR/xhtml1/DTD/xhtml1-transitional.dtd">
<html xmlns="http://www.w3.org/1999/xhtml" xml:lang="en" lang="en">
 <head>
  <title>
</title>
<meta http-equiv="Content-Type" content="text/html;charset=utf-8" />
  <meta name='ocr-system' content='tesseract 3.04.00' />
  <meta name='ocr-capabilities' content='ocr_page ocr_carea ocr_par ocr_line ocrx_word'/>
</head>
<body>
  <div class='ocr_page' id='page_1' title='image "./athenaeinaucrat00bipogoog_0078.png"; bbox 0 0 2778 4772; ppageno 0'>
   <div class='ocr_carea' id='block_1_1' title="bbox 176 455 991 575">
    <p class='ocr_par' dir='ltr' id='par_1_1' title="bbox 176 455 991 575">
     <span class='ocr_line' id='line_1_1' title="bbox 176 455 991 575; baseline 0.006 -30"><span class='ocrx_word' id='word_1_1' title='bbox 176 569 179 575; x_wconf 17' lang='grc' dir='ltr'><strong><em>Δ</em></strong></span> <span class='ocrx_word' id='word_1_2' title='bbox 276 455 714 550; x_wconf 68' lang='lat' dir='ltr'><strong>‘terronis</strong></span> <span class='ocrx_word' id='word_1_3' title='bbox 868 485 991 550; x_wconf 84' lang='lat' dir='ltr'><strong>txxnr</strong></span> 
     </span>
    </p>
   </div>
   <div class='ocr_carea' id='block_1_2' title="bbox 52 623 990 2256">
    <p class='ocr_par' dir='ltr' id='par_1_2' title="bbox 55 623 990 1045">
     <span class='ocr_line' id='line_1_2' title="bbox 60 623 990 734; baseline 0.006 -32"><span class='ocrx_word' id='word_1_4' title='bbox 60 626 95 702; x_wconf 93' lang='lat' dir='ltr'><strong>in</strong></span> <span class='ocrx_word' id='word_1_5' title='bbox 117 623 216 725; x_wconf 83' lang='lat' dir='ltr'><strong>operis</strong></span> <span class='ocrx_word' id='word_1_6' title='bbox 236 629 389 704; x_wconf 88' lang='lat' dir='ltr'><strong>introitu</strong></span> <span class='ocrx_word' id='word_1_7' title='bbox 409 626 597 703; x_wconf 75' lang='lat' dir='ltr'><strong>amabitioii</strong></span> <span class='ocrx_word' id='word_1_8' title='bbox 608 629 765 727; x_wconf 82' lang='lat' dir='ltr'><strong>quadam</strong></span> <span class='ocrx_word' id='word_1_9' title='bbox 776 651 990 734; x_wconf 86' lang='lat' dir='ltr'><strong>magnorum</strong></span> 
     </span>
     <span class='ocr_line' id='line_1_3' title="bbox 57 739 990 828; baseline 0.002 -16"><span class='ocrx_word' id='word_1_10' title='bbox 57 743 231 812; x_wconf 85' lang='lat' dir='ltr'><strong>nominum</strong></span> <span class='ocrx_word' id='word_1_11' title='bbox 252 741 616 828; x_wconf 80' lang='lat' dir='ltr'><strong>commemoratione,</strong></span> <span class='ocrx_word' id='word_1_12' title='bbox 638 739 860 814; x_wconf 78' lang='lat' dir='ltr'><strong>&amp;librorum</strong></span> <span class='ocrx_word' id='word_1_13' title='bbox 876 743 990 816; x_wconf 81' lang='lat' dir='ltr'><strong>titulis</strong></span> 
     </span>
     <span class='ocr_line' id='line_1_4' title="bbox 55 845 990 947; baseline 0.002 -27"><span class='ocrx_word' id='word_1_14' title='bbox 55 851 179 921; x_wconf 81' lang='lat' dir='ltr'><strong>infinito</strong></span> <span class='ocrx_word' id='word_1_15' title='bbox 199 873 357 922; x_wconf 75' lang='lat' dir='ltr'><strong>numero</strong></span> <span class='ocrx_word' id='word_1_16' title='bbox 376 849 443 922; x_wconf 76' lang='lat' dir='ltr'><strong>tub</strong></span> <span class='ocrx_word' id='word_1_17' title='bbox 463 871 581 922; x_wconf 89' lang='lat' dir='ltr'><strong>unum</strong></span> <span class='ocrx_word' id='word_1_18' title='bbox 602 845 833 945; x_wconf 72' lang='lat' dir='ltr'><strong>conspectum</strong></span> <span class='ocrx_word' id='word_1_19' title='bbox 854 852 990 947; x_wconf 78' lang='lat' dir='ltr'><strong>expost-</strong></span> 
     </span>
     <span class='ocr_line' id='line_1_5' title="bbox 56 949 987 1045; baseline -0.001 -17"><span class='ocrx_word' id='word_1_20' title='bbox 56 959 109 1045; x_wconf 83' lang='lat' dir='ltr'><strong>tis,</strong></span> <span class='ocrx_word' id='word_1_21' title='bbox 131 957 243 1029; x_wconf 83' lang='lat' dir='ltr'><strong>videri</strong></span> <span class='ocrx_word' id='word_1_22' title='bbox 265 957 395 1028; x_wconf 87' lang='lat' dir='ltr'><strong>fucum</strong></span> <span class='ocrx_word' id='word_1_23' title='bbox 418 956 511 1028; x_wconf 82' lang='lat' dir='ltr'><strong>velle</strong></span> <span class='ocrx_word' id='word_1_24' title='bbox 533 955 648 1028; x_wconf 72' lang='lat' dir='ltr'><strong>facere</strong></span> <span class='ocrx_word' id='word_1_25' title='bbox 669 949 882 1029; x_wconf 74' lang='lat' dir='ltr'><strong>ledioribut</strong></span> <span class='ocrx_word' id='word_1_26' title='bbox 985 992 987 1001; x_wconf 91' lang='grc'><strong><em>·</em></strong></span> 
     </span>
    </p>

    <p class='ocr_par' dir='ltr' id='par_1_3' title="bbox 52 1063 989 2256">
     <span class='ocr_line' id='line_1_6' title="bbox 105 1063 988 1172; baseline -0.001 -35"><span class='ocrx_word' id='word_1_27' title='bbox 105 1067 370 1172; x_wconf 76' lang='lat' dir='ltr'><strong>Quaecumque</strong></span> <span class='ocrx_word' id='word_1_28' title='bbox 390 1089 476 1138; x_wconf 75' lang='lat' dir='ltr'><strong>veto</strong></span> <span class='ocrx_word' id='word_1_29' title='bbox 499 1063 544 1136; x_wconf 91' lang='lat' dir='ltr'><strong>ab</strong></span> <span class='ocrx_word' id='word_1_30' title='bbox 571 1065 625 1136; x_wconf 88' lang='lat' dir='ltr'><strong>his&#39;</strong></span> <span class='ocrx_word' id='word_1_31' title='bbox 649 1065 698 1158; x_wconf 85' lang='lat' dir='ltr'><strong>ad</strong></span> <span class='ocrx_word' id='word_1_32' title='bbox 719 1063 988 1137; x_wconf 85' lang='lat' dir='ltr'><strong>emendandum</strong></span> 
     </span>
     <span class='ocr_line' id='line_1_7' title="bbox 52 1173 989 1272; baseline 0.001 -27"><span class='ocrx_word' id='word_1_33' title='bbox 52 1173 211 1248; x_wconf 74' lang='lat' dir='ltr'><strong>Athenaei</strong></span> <span class='ocrx_word' id='word_1_34' title='bbox 240 1201 335 1272; x_wconf 84' lang='lat' dir='ltr'><strong>opus</strong></span> <span class='ocrx_word' id='word_1_35' title='bbox 365 1177 490 1248; x_wconf 81' lang='lat' dir='ltr'><strong>collata</strong></span> <span class='ocrx_word' id='word_1_36' title='bbox 510 1174 621 1264; x_wconf 80' lang='lat' dir='ltr'><strong>funt,</strong></span> <span class='ocrx_word' id='word_1_37' title='bbox 645 1193 686 1248; x_wconf 82' lang='lat' dir='ltr'><strong>ea</strong></span> <span class='ocrx_word' id='word_1_38' title='bbox 713 1175 785 1248; x_wconf 83' lang='lat' dir='ltr'><strong>sese</strong></span> <span class='ocrx_word' id='word_1_39' title='bbox 813 1176 920 1246; x_wconf 84' lang='lat' dir='ltr'><strong>unice</strong></span> <span class='ocrx_word' id='word_1_40' title='bbox 940 1174 989 1246; x_wconf 77' lang='lat' dir='ltr'><strong>ad</strong></span> 
     </span>
     <span class='ocr_line' id='line_1_8' title="bbox 52 1281 989 1382; baseline 0.003 -30"><span class='ocrx_word' id='word_1_41' title='bbox 52 1281 129 1353; x_wconf 87' lang='lat' dir='ltr'><strong>illud</strong></span> <span class='ocrx_word' id='word_1_42' title='bbox 145 1305 255 1382; x_wconf 83' lang='lat' dir='ltr'><strong>genus</strong></span> <span class='ocrx_word' id='word_1_43' title='bbox 273 1283 547 1354; x_wconf 80' lang='lat' dir='ltr'><strong>Emendationum·</strong></span> <span class='ocrx_word' id='word_1_44' title='bbox 562 1284 770 1378; x_wconf 84' lang='lat' dir='ltr'><strong>pertinent,</strong></span> <span class='ocrx_word' id='word_1_45' title='bbox 792 1307 886 1378; x_wconf 84' lang='lat' dir='ltr'><strong>quae</strong></span> <span class='ocrx_word' id='word_1_46' title='bbox 904 1281 989 1355; x_wconf 70' lang='lat' dir='ltr'><strong>birse·</strong></span> 
     </span>
     <span class='ocr_line' id='line_1_9' title="bbox 53 1389 984 1488; baseline 0.004 -30"><span class='ocrx_word' id='word_1_47' title='bbox 53 1391 160 1460; x_wconf 69' lang='lat' dir='ltr'><strong>nitori</strong></span> <span class='ocrx_word' id='word_1_48' title='bbox 180 1393 359 1464; x_wconf 81' lang='lat' dir='ltr'><strong>nituntur.</strong></span> <span class='ocrx_word' id='word_1_49' title='bbox 380 1389 424 1462; x_wconf 87' lang='lat' dir='ltr'><strong>Et</strong></span> <span class='ocrx_word' id='word_1_50' title='bbox 446 1391 494 1460; x_wconf 80' lang='lat' dir='ltr'><strong>eii</strong></span> <span class='ocrx_word' id='word_1_51' title='bbox 510 1391 665 1488; x_wconf 77' lang='lat' dir='ltr'><strong>quidem</strong></span> <span class='ocrx_word' id='word_1_52' title='bbox 688 1393 726 1462; x_wconf 90' lang='lat' dir='ltr'><strong>in</strong></span> <span class='ocrx_word' id='word_1_53' title='bbox 747 1391 799 1462; x_wconf 86' lang='lat' dir='ltr'><strong>his</strong></span> <span class='ocrx_word' id='word_1_54' title='bbox 813 1391 984 1486; x_wconf 83' lang='lat' dir='ltr'><strong>ipbepocs</strong></span> 
     </span>
     <span class='ocr_line' id='line_1_10' title="bbox 53 1497 988 1599; baseline 0.004 -30"><span class='ocrx_word' id='word_1_55' title='bbox 53 1497 135 1570; x_wconf 83' lang='lat' dir='ltr'><strong>haud</strong></span> <span class='ocrx_word' id='word_1_56' title='bbox 150 1501 298 1599; x_wconf 79' lang='lat' dir='ltr'><strong>exigua,</strong></span> <span class='ocrx_word' id='word_1_57' title='bbox 318 1523 428 1596; x_wconf 82' lang='lat' dir='ltr'><strong>quae,</strong></span> <span class='ocrx_word' id='word_1_58' title='bbox 448 1503 741 1576; x_wconf 79' lang='lat' dir='ltr'><strong>concurrentibus</strong></span> <span class='ocrx_word' id='word_1_59' title='bbox 756 1505 919 1576; x_wconf 83' lang='lat' dir='ltr'><strong>omnium</strong></span> <span class='ocrx_word' id='word_1_60' title='bbox 932 1527 988 1573; x_wconf 84' lang='lat' dir='ltr'><strong>ra·</strong></span> 
     </span>
     <span class='ocr_line' id='line_1_11' title="bbox 52 1610 986 1714; baseline 0.005 -35"><span class='ocrx_word' id='word_1_61' title='bbox 52 1610 178 1683; x_wconf 88' lang='lat' dir='ltr'><strong>tionum</strong></span> <span class='ocrx_word' id='word_1_62' title='bbox 201 1612 417 1700; x_wconf 84' lang='lat' dir='ltr'><strong>momentis,</strong></span> <span class='ocrx_word' id='word_1_63' title='bbox 433 1635 511 1683; x_wconf 84' lang='lat' dir='ltr'><strong>non</strong></span> <span class='ocrx_word' id='word_1_64' title='bbox 528 1613 641 1685; x_wconf 89' lang='lat' dir='ltr'><strong>modo</strong></span> <span class='ocrx_word' id='word_1_65' title='bbox 666 1615 789 1714; x_wconf 74' lang='lat' dir='ltr'><strong>insigni</strong></span> <span class='ocrx_word' id='word_1_66' title='bbox 804 1613 836 1685; x_wconf 75' lang='lat' dir='ltr'><strong>ic</strong></span> <span class='ocrx_word' id='word_1_67' title='bbox 849 1614 986 1708; x_wconf 77' lang='lat' dir='ltr'><strong>praeci·</strong></span> 
     </span>
     <span class='ocr_line' id='line_1_12' title="bbox 53 1721 985 1816; baseline 0.002 -26"><span class='ocrx_word' id='word_1_68' title='bbox 53 1743 112 1812; x_wconf 87' lang='lat' dir='ltr'><strong>pua</strong></span> <span class='ocrx_word' id='word_1_69' title='bbox 130 1721 282 1814; x_wconf 84' lang='lat' dir='ltr'><strong>quadarn</strong></span> <span class='ocrx_word' id='word_1_70' title='bbox 305 1723 379 1793; x_wconf 86' lang='lat' dir='ltr'><strong>veri</strong></span> <span class='ocrx_word' id='word_1_71' title='bbox 400 1721 514 1816; x_wconf 84' lang='lat' dir='ltr'><strong>specie</strong></span> <span class='ocrx_word' id='word_1_72' title='bbox 534 1722 603 1812; x_wconf 80' lang='lat' dir='ltr'><strong>sese</strong></span> <span class='ocrx_word' id='word_1_73' title='bbox 621 1724 898 1811; x_wconf 76' lang='lat' dir='ltr'><strong>commendent,</strong></span> <span class='ocrx_word' id='word_1_74' title='bbox 923 1723 985 1793; x_wconf 82' lang='lat' dir='ltr'><strong>sed</strong></span> 
     </span>
     <span class='ocr_line' id='line_1_13' title="bbox 55 1831 984 1927; baseline 0.006 -30"><span class='ocrx_word' id='word_1_75' title='bbox 55 1831 143 1902; x_wconf 83' lang='lat' dir='ltr'><strong>etiam</strong></span> <span class='ocrx_word' id='word_1_76' title='bbox 159 1854 225 1927; x_wconf 87' lang='lat' dir='ltr'><strong>pto</strong></span> <span class='ocrx_word' id='word_1_77' title='bbox 248 1832 436 1903; x_wconf 84' lang='lat' dir='ltr'><strong>evidenter</strong></span> <span class='ocrx_word' id='word_1_78' title='bbox 450 1833 540 1904; x_wconf 80' lang='lat' dir='ltr'><strong>veris</strong></span> <span class='ocrx_word' id='word_1_79' title='bbox 557 1834 732 1926; x_wconf 83' lang='lat' dir='ltr'><strong>certisque</strong></span> <span class='ocrx_word' id='word_1_80' title='bbox 750 1833 905 1906; x_wconf 83' lang='lat' dir='ltr'><strong>debeant</strong></span> <span class='ocrx_word' id='word_1_81' title='bbox 921 1835 984 1904; x_wconf 88' lang='lat' dir='ltr'><strong>ha·</strong></span> 
     </span>
     <span class='ocr_line' id='line_1_14' title="bbox 53 1937 985 2036; baseline 0.006 -29"><span class='ocrx_word' id='word_1_82' title='bbox 53 1937 138 2009; x_wconf 81' lang='lat' dir='ltr'><strong>beri:</strong></span> <span class='ocrx_word' id='word_1_83' title='bbox 166 1943 215 2012; x_wconf 91' lang='lat' dir='ltr'><strong>ita</strong></span> <span class='ocrx_word' id='word_1_84' title='bbox 241 1943 372 2036; x_wconf 86' lang='lat' dir='ltr'><strong>plane,</strong></span> <span class='ocrx_word' id='word_1_85' title='bbox 405 1959 472 2030; x_wconf 87' lang='lat' dir='ltr'><strong>ut,</strong></span> <span class='ocrx_word' id='word_1_86' title='bbox 500 1943 632 2014; x_wconf 82' lang='lat' dir='ltr'><strong>etiamst</strong></span> <span class='ocrx_word' id='word_1_87' title='bbox 649 1943 784 2014; x_wconf 91' lang='lat' dir='ltr'><strong>deinde</strong></span> <span class='ocrx_word' id='word_1_88' title='bbox 804 1945 985 2016; x_wconf 84' lang='lat' dir='ltr'><strong>accederet</strong></span> 
     </span>
     <span class='ocr_line' id='line_1_15' title="bbox 55 2048 984 2148; baseline 0.009 -30"><span class='ocrx_word' id='word_1_89' title='bbox 55 2048 174 2145; x_wconf 75' lang='lat' dir='ltr'><strong>insuper</strong></span> <span class='ocrx_word' id='word_1_90' title='bbox 190 2051 518 2148; x_wconf 71' lang='lat' dir='ltr'><strong>probatissimorum</strong></span> <span class='ocrx_word' id='word_1_91' title='bbox 537 2052 703 2124; x_wconf 90' lang='lat' dir='ltr'><strong>codicum</strong></span> <span class='ocrx_word' id='word_1_92' title='bbox 722 2053 984 2142; x_wconf 80' lang='lat' dir='ltr'><strong>testimonium,</strong></span> 
     </span>
     <span class='ocr_line' id='line_1_16' title="bbox 54 2161 984 2256; baseline 0.004 -26"><span class='ocrx_word' id='word_1_93' title='bbox 54 2177 132 2230; x_wconf 76' lang='lat' dir='ltr'><strong>nota</strong></span> <span class='ocrx_word' id='word_1_94' title='bbox 156 2164 306 2256; x_wconf 77' lang='lat' dir='ltr'><strong>quidem</strong></span> <span class='ocrx_word' id='word_1_95' title='bbox 330 2161 467 2234; x_wconf 69' lang='lat' dir='ltr'><strong>fortasse</strong></span> <span class='ocrx_word' id='word_1_96' title='bbox 496 2163 577 2234; x_wconf 85' lang='lat' dir='ltr'><strong>ansa</strong></span> <span class='ocrx_word' id='word_1_97' title='bbox 599 2162 740 2234; x_wconf 85' lang='lat' dir='ltr'><strong>daretur</strong></span> <span class='ocrx_word' id='word_1_98' title='bbox 760 2165 807 2234; x_wconf 94' lang='lat' dir='ltr'><strong>ad</strong></span> <span class='ocrx_word' id='word_1_99' title='bbox 834 2163 984 2236; x_wconf 83' lang='lat' dir='ltr'><strong>laudan·</strong></span> 
     </span>
    </p>
   </div>
   <div class='ocr_carea' id='block_1_3' title="bbox 56 2265 1124 2368">
    <p class='ocr_par' dir='ltr' id='par_1_4' title="bbox 56 2265 1124 2368">
     <span class='ocr_line' id='line_1_17' title="bbox 56 2265 1124 2368; baseline 0.005 -33"><span class='ocrx_word' id='word_1_100' title='bbox 56 2267 129 2338; x_wconf 91' lang='lat' dir='ltr'><strong>dum</strong></span> <span class='ocrx_word' id='word_1_101' title='bbox 143 2269 326 2368; x_wconf 87' lang='lat' dir='ltr'><strong>ingenium</strong></span> <span class='ocrx_word' id='word_1_102' title='bbox 342 2265 610 2364; x_wconf 71' lang='lat' dir='ltr'><strong>dodirinamque</strong></span> <span class='ocrx_word' id='word_1_103' title='bbox 623 2266 771 2342; x_wconf 75' lang='lat' dir='ltr'><strong>audictis</strong></span> <span class='ocrx_word' id='word_1_104' title='bbox 788 2271 852 2364; x_wconf 91' lang='lat' dir='ltr'><strong>qui</strong></span> <span class='ocrx_word' id='word_1_105' title='bbox 866 2267 981 2341; x_wconf 69' lang='lat' dir='ltr'><strong>emenss</strong></span> <span class='ocrx_word' id='word_1_106' title='bbox 1120 2283 1124 2291; x_wconf 88' lang='lat'>&#39;</span> 
     </span>
    </p>
   </div>
   <div class='ocr_carea' id='block_1_4' title="bbox 52 2375 1030 4018">
    <p class='ocr_par' dir='ltr' id='par_1_5' title="bbox 52 2375 1030 4018">
     <span class='ocr_line' id='line_1_18' title="bbox 53 2375 981 2474; baseline 0.002 -26"><span class='ocrx_word' id='word_1_107' title='bbox 53 2375 214 2452; x_wconf 59' lang='lat' dir='ltr'><strong>&amp;moun</strong></span> <span class='ocrx_word' id='word_1_108' title='bbox 241 2378 496 2474; x_wconf 81' lang='lat' dir='ltr'><strong>proposuiffet3</strong></span> <span class='ocrx_word' id='word_1_109' title='bbox 521 2379 568 2450; x_wconf 87' lang='lat' dir='ltr'><strong>ad</strong></span> <span class='ocrx_word' id='word_1_110' title='bbox 596 2380 700 2474; x_wconf 75' lang='lat' dir='ltr'><strong>ipsius</strong></span> <span class='ocrx_word' id='word_1_111' title='bbox 724 2377 981 2450; x_wconf 83' lang='lat' dir='ltr'><strong>emendationis</strong></span> 
     </span>
     <span class='ocr_line' id='line_1_19' title="bbox 57 2486 981 2582; baseline 0.009 -29"><span class='ocrx_word' id='word_1_112' title='bbox 57 2489 311 2576; x_wconf 77' lang='lat' dir='ltr'><strong>cemmdinem,</strong></span> <span class='ocrx_word' id='word_1_113' title='bbox 336 2506 427 2582; x_wconf 75' lang='lat' dir='ltr'><strong>quae</strong></span> <span class='ocrx_word' id='word_1_114' title='bbox 446 2488 617 2559; x_wconf 80' lang='lat' dir='ltr'><strong>iumento</strong></span> <span class='ocrx_word' id='word_1_115' title='bbox 635 2491 742 2582; x_wconf 89' lang='lat' dir='ltr'><strong>plena</strong></span> <span class='ocrx_word' id='word_1_116' title='bbox 755 2486 981 2582; x_wconf 71' lang='lat' dir='ltr'><strong>perfeffiaqus</strong></span> 
     </span>
     <span class='ocr_line' id='line_1_20' title="bbox 56 2595 978 2694; baseline 0.015 -34"><span class='ocrx_word' id='word_1_117' title='bbox 56 2611 134 2683; x_wconf 88' lang='lat' dir='ltr'><strong>crat,</strong></span> <span class='ocrx_word' id='word_1_118' title='bbox 149 2597 317 2671; x_wconf 84' lang='lat' dir='ltr'><strong>accedere</strong></span> <span class='ocrx_word' id='word_1_119' title='bbox 337 2597 427 2670; x_wconf 87' lang='lat' dir='ltr'><strong>nibil</strong></span> <span class='ocrx_word' id='word_1_120' title='bbox 439 2597 572 2692; x_wconf 75' lang='lat' dir='ltr'><strong>⁴poiiet.</strong></span> <span class='ocrx_word' id='word_1_121' title='bbox 595 2597 643 2670; x_wconf 88' lang='lat' dir='ltr'><strong>At</strong></span> <span class='ocrx_word' id='word_1_122' title='bbox 660 2595 738 2694; x_wconf 83' lang='lat' dir='ltr'><strong>pais</strong></span> <span class='ocrx_word' id='word_1_123' title='bbox 756 2601 883 2694; x_wconf 90' lang='lat' dir='ltr'><strong>utique</strong></span> <span class='ocrx_word' id='word_1_124' title='bbox 896 2603 978 2674; x_wconf 90' lang='lat' dir='ltr'><strong>lon-</strong></span> 
     </span>
     <span class='ocr_line' id='line_1_21' title="bbox 54 2707 981 2806; baseline 0.014 -36"><span class='ocrx_word' id='word_1_125' title='bbox 54 2721 90 2796; x_wconf 73' lang='lat' dir='ltr'><strong>ge</strong></span> <span class='ocrx_word' id='word_1_126' title='bbox 107 2707 208 2778; x_wconf 79' lang='lat' dir='ltr'><strong>mim</strong></span> <span class='ocrx_word' id='word_1_127' title='bbox 222 2709 321 2782; x_wconf 74' lang='lat' dir='ltr'><strong>utrm</strong></span> <span class='ocrx_word' id='word_1_128' title='bbox 346 2707 503 2800; x_wconf 78' lang='lat' dir='ltr'><strong>aliquem</strong></span> <span class='ocrx_word' id='word_1_129' title='bbox 525 2709 783 2802; x_wconf 72' lang='lat' dir='ltr'><strong>probabilitatis</strong></span> <span class='ocrx_word' id='word_1_130' title='bbox 807 2710 981 2806; x_wconf 83' lang='lat' dir='ltr'><strong>gradum,</strong></span> 
     </span>
     <span class='ocr_line' id='line_1_22' title="bbox 55 2813 982 2916; baseline 0.01 -37"><span class='ocrx_word' id='word_1_131' title='bbox 55 2813 200 2887; x_wconf 86' lang='lat' dir='ltr'><strong>maiorem</strong></span> <span class='ocrx_word' id='word_1_132' title='bbox 212 2817 319 2888; x_wconf 83' lang='lat' dir='ltr'><strong>illum</strong></span> <span class='ocrx_word' id='word_1_133' title='bbox 333 2815 575 2916; x_wconf 78' lang='lat' dir='ltr'><strong>minoremve,</strong></span> <span class='ocrx_word' id='word_1_134' title='bbox 585 2841 661 2888; x_wconf 90' lang='lat' dir='ltr'><strong>non</strong></span> <span class='ocrx_word' id='word_1_135' title='bbox 676 2818 860 2914; x_wconf 89' lang='lat' dir='ltr'><strong>procedit:</strong></span> <span class='ocrx_word' id='word_1_136' title='bbox 881 2820 982 2890; x_wconf 85' lang='lat' dir='ltr'><strong>cuins</strong></span> 
     </span>
     <span class='ocr_line' id='line_1_23' title="bbox 54 2922 978 3016; baseline 0.014 -29"><span class='ocrx_word' id='word_1_137' title='bbox 54 2922 287 3010; x_wconf 81' lang='lat' dir='ltr'><strong>probabilitatis</strong></span> <span class='ocrx_word' id='word_1_138' title='bbox 308 2951 348 3000; x_wconf 76' lang='lat' dir='ltr'><strong>ca</strong></span> <span class='ocrx_word' id='word_1_139' title='bbox 368 2927 414 2997; x_wconf 82' lang='lat' dir='ltr'><strong>est</strong></span> <span class='ocrx_word' id='word_1_140' title='bbox 432 2928 538 3014; x_wconf 85' lang='lat' dir='ltr'><strong>ratio,</strong></span> <span class='ocrx_word' id='word_1_141' title='bbox 555 2945 623 3016; x_wconf 84' lang='lat' dir='ltr'><strong>ut,</strong></span> <span class='ocrx_word' id='word_1_142' title='bbox 641 2926 704 3000; x_wconf 84' lang='lat' dir='ltr'><strong>nist</strong></span> <span class='ocrx_word' id='word_1_143' title='bbox 726 2929 868 3002; x_wconf 86' lang='lat' dir='ltr'><strong>accedat</strong></span> <span class='ocrx_word' id='word_1_144' title='bbox 883 2927 978 3002; x_wconf 85' lang='lat' dir='ltr'><strong>illud</strong></span> 
     </span>
     <span class='ocr_line' id='line_1_24' title="bbox 55 3036 980 3138; baseline 0.012 -38"><span class='ocrx_word' id='word_1_145' title='bbox 55 3049 281 3124; x_wconf 83' lang='lat' dir='ltr'><strong>momentum,</strong></span> <span class='ocrx_word' id='word_1_146' title='bbox 302 3037 405 3130; x_wconf 79' lang='lat' dir='ltr'><strong>qnod</strong></span> <span class='ocrx_word' id='word_1_147' title='bbox 419 3036 483 3136; x_wconf 90' lang='lat' dir='ltr'><strong>(in</strong></span> <span class='ocrx_word' id='word_1_148' title='bbox 497 3039 565 3109; x_wconf 89' lang='lat' dir='ltr'><strong>hoc</strong></span> <span class='ocrx_word' id='word_1_149' title='bbox 584 3061 729 3136; x_wconf 85' lang='lat' dir='ltr'><strong>genere,</strong></span> <span class='ocrx_word' id='word_1_150' title='bbox 746 3041 792 3110; x_wconf 93' lang='lat' dir='ltr'><strong>de</strong></span> <span class='ocrx_word' id='word_1_151' title='bbox 816 3061 894 3134; x_wconf 90' lang='lat' dir='ltr'><strong>quo</strong></span> <span class='ocrx_word' id='word_1_152' title='bbox 908 3038 980 3138; x_wconf 82' lang='lat' dir='ltr'><strong>agi·</strong></span> 
     </span>
     <span class='ocr_line' id='line_1_25' title="bbox 55 3143 980 3248; baseline 0.004 -30"><span class='ocrx_word' id='word_1_153' title='bbox 55 3143 135 3234; x_wconf 70' lang='lat' dir='ltr'><strong>mus)</strong></span> <span class='ocrx_word' id='word_1_154' title='bbox 152 3149 329 3243; x_wconf 81' lang='lat' dir='ltr'><strong>aprobati</strong></span> <span class='ocrx_word' id='word_1_155' title='bbox 349 3149 490 3222; x_wconf 84' lang='lat' dir='ltr'><strong>Codicis</strong></span> <span class='ocrx_word' id='word_1_156' title='bbox 513 3147 719 3224; x_wconf 75' lang='lat' dir='ltr'><strong>audioritate</strong></span> <span class='ocrx_word' id='word_1_157' title='bbox 738 3147 980 3248; x_wconf 72' lang='lat' dir='ltr'><strong>exspectatur,</strong></span> 
     </span>
     <span class='ocr_line' id='line_1_26' title="bbox 53 3241 981 3349; baseline 0.002 -23"><span class='ocrx_word' id='word_1_158' title='bbox 53 3241 168 3343; x_wconf 68' lang='lat' dir='ltr'><strong>semper</strong></span> <span class='ocrx_word' id='word_1_159' title='bbox 188 3255 328 3349; x_wconf 79' lang='lat' dir='ltr'><strong>aliquid</strong></span> <span class='ocrx_word' id='word_1_160' title='bbox 354 3255 704 3346; x_wconf 77' lang='lat' dir='ltr'><strong>desideret&#39;animus,</strong></span> <span class='ocrx_word' id='word_1_161' title='bbox 721 3284 789 3330; x_wconf 87' lang='lat' dir='ltr'><strong>nec</strong></span> <span class='ocrx_word' id='word_1_162' title='bbox 812 3261 850 3330; x_wconf 91' lang='lat' dir='ltr'><strong>in</strong></span> <span class='ocrx_word' id='word_1_163' title='bbox 873 3283 913 3329; x_wconf 78' lang='lat' dir='ltr'><strong>ea</strong></span> <span class='ocrx_word' id='word_1_164' title='bbox 931 3259 981 3328; x_wconf 66' lang='lat' dir='ltr'><strong>se</strong></span> 
     </span>
     <span class='ocr_line' id='line_1_27' title="bbox 56 3363 977 3472; baseline 0.016 -49"><span class='ocrx_word' id='word_1_165' title='bbox 56 3363 369 3472; x_wconf 69' lang='lat' dir='ltr'><strong>tumsadquieicere</strong></span> <span class='ocrx_word' id='word_1_166' title='bbox 391 3386 509 3460; x_wconf 80' lang='lat' dir='ltr'><strong>queat.</strong></span> <span class='ocrx_word' id='word_1_167' title='bbox 533 3367 586 3440; x_wconf 79' lang='lat' dir='ltr'><strong>Ac</strong></span> <span class='ocrx_word' id='word_1_168' title='bbox 602 3371 737 3442; x_wconf 85' lang='lat' dir='ltr'><strong>norunt</strong></span> <span class='ocrx_word' id='word_1_169' title='bbox 754 3371 977 3463; x_wconf 86' lang='lat' dir='ltr'><strong>quicumque</strong></span> 
     </span>
     <span class='ocr_line' id='line_1_28' title="bbox 54 3461 980 3573; baseline 0.008 -32"><span class='ocrx_word' id='word_1_170' title='bbox 54 3461 159 3542; x_wconf 75' lang='lat' dir='ltr'><strong>mbot</strong></span> <span class='ocrx_word' id='word_1_171' title='bbox 179 3498 306 3572; x_wconf 78' lang='lat' dir='ltr'><strong>genere</strong></span> <span class='ocrx_word' id='word_1_172' title='bbox 323 3499 399 3549; x_wconf 90' lang='lat' dir='ltr'><strong>non</strong></span> <span class='ocrx_word' id='word_1_173' title='bbox 423 3477 529 3570; x_wconf 86' lang='lat' dir='ltr'><strong>plane</strong></span> <span class='ocrx_word' id='word_1_174' title='bbox 549 3475 629 3552; x_wconf 87' lang='lat' dir='ltr'><strong>sunt</strong></span> <span class='ocrx_word' id='word_1_175' title='bbox 651 3475 823 3573; x_wconf 83' lang='lat' dir='ltr'><strong>hospites,</strong></span> <span class='ocrx_word' id='word_1_176' title='bbox 847 3469 980 3548; x_wconf 83' lang='lat' dir='ltr'><strong>Emen-</strong></span> 
     </span>
     <span class='ocr_line' id='line_1_29' title="bbox 52 3566 978 3680; baseline 0.026 -46"><span class='ocrx_word' id='word_1_177' title='bbox 52 3566 216 3652; x_wconf 82' lang='lat' dir='ltr'><strong>dationum</strong></span> <span class='ocrx_word' id='word_1_178' title='bbox 234 3605 282 3652; x_wconf 81' lang='lat' dir='ltr'><strong>en</strong></span> <span class='ocrx_word' id='word_1_179' title='bbox 294 3579 505 3656; x_wconf 76' lang='lat' dir='ltr'><strong>oonieetma</strong></span> <span class='ocrx_word' id='word_1_180' title='bbox 523 3587 784 3680; x_wconf 72' lang='lat' dir='ltr'><strong>propositarum</strong></span> <span class='ocrx_word' id='word_1_181' title='bbox 800 3609 885 3657; x_wconf 80' lang='lat' dir='ltr'><strong>eum</strong></span> <span class='ocrx_word' id='word_1_182' title='bbox 912 3585 978 3658; x_wconf 82' lang='lat' dir='ltr'><strong>effe</strong></span> 
     </span>
     <span class='ocr_line' id='line_1_30' title="bbox 54 3690 978 3796; baseline 0.025 -50"><span class='ocrx_word' id='word_1_183' title='bbox 54 3690 215 3778; x_wconf 74' lang='lat' dir='ltr'><strong>batuam,</strong></span> <span class='ocrx_word' id='word_1_184' title='bbox 239 3709 303 3780; x_wconf 89' lang='lat' dir='ltr'><strong>ut,</strong></span> <span class='ocrx_word' id='word_1_185' title='bbox 326 3713 411 3764; x_wconf 87' lang='lat' dir='ltr'><strong>cum</strong></span> <span class='ocrx_word' id='word_1_186' title='bbox 429 3697 487 3764; x_wconf 84' lang='lat' dir='ltr'><strong>vel</strong></span> <span class='ocrx_word' id='word_1_187' title='bbox 506 3691 660 3766; x_wconf 78' lang='lat' dir='ltr'><strong>maximi</strong></span> <span class='ocrx_word' id='word_1_188' title='bbox 679 3696 752 3768; x_wconf 85' lang='lat' dir='ltr'><strong>veti</strong></span> <span class='ocrx_word' id='word_1_189' title='bbox 776 3695 888 3791; x_wconf 78' lang='lat' dir='ltr'><strong>specie</strong></span> <span class='ocrx_word' id='word_1_190' title='bbox 910 3697 978 3796; x_wconf 73' lang='lat' dir='ltr'><strong>sese</strong></span> 
     </span>
     <span class='ocr_line' id='line_1_31' title="bbox 54 3803 1030 3890; baseline 0.008 -22"><span class='ocrx_word' id='word_1_191' title='bbox 54 3803 379 3890; x_wconf 75' lang='lat' dir='ltr'><strong>commodaverint,</strong></span> <span class='ocrx_word' id='word_1_192' title='bbox 401 3805 556 3877; x_wconf 77' lang='lat' dir='ltr'><strong>subinde</strong></span> <span class='ocrx_word' id='word_1_193' title='bbox 574 3807 737 3877; x_wconf 77' lang='lat' dir='ltr'><strong>velumus</strong></span> <span class='ocrx_word' id='word_1_194' title='bbox 756 3810 883 3882; x_wconf 85' lang='lat' dir='ltr'><strong>melior</strong></span> <span class='ocrx_word' id='word_1_195' title='bbox 903 3807 978 3879; x_wconf 89' lang='lat' dir='ltr'><strong>Co-</strong></span> <span class='ocrx_word' id='word_1_196' title='bbox 1025 3865 1030 3876; x_wconf 91' lang='lat'>.</span> 
     </span>
     <span class='ocr_line' id='line_1_32' title="bbox 56 3895 978 4018; baseline 0.005 -34"><span class='ocrx_word' id='word_1_197' title='bbox 56 3895 111 3974; x_wconf 78' lang='lat' dir='ltr'><strong>dex</strong></span> <span class='ocrx_word' id='word_1_198' title='bbox 130 3911 266 4002; x_wconf 76' lang='lat' dir='ltr'><strong>possae</strong></span> <span class='ocrx_word' id='word_1_199' title='bbox 282 3913 468 3988; x_wconf 64' lang='lat' dir='ltr'><strong>&lt;oeneus</strong></span> <span class='ocrx_word' id='word_1_200' title='bbox 489 3917 579 3988; x_wconf 77' lang='lat' dir='ltr'><strong>ctare</strong></span> <span class='ocrx_word' id='word_1_201' title='bbox 604 3916 787 4011; x_wconf 68' lang='lat' dir='ltr'><strong>onmem,</strong></span> <span class='ocrx_word' id='word_1_202' title='bbox 824 3918 978 4018; x_wconf 69' lang='lat' dir='ltr'><strong>rengno</strong></span> 
     </span>
    </p>
   </div>
   <div class='ocr_carea' id='block_1_5' title="bbox 0 0 1394 4772">
    <p class='ocr_par' dir='ltr' id='par_1_6' title="bbox 0 0 1394 4772">
     <span class='ocr_line' id='line_1_33' title="bbox 0 0 1394 4772; baseline 0 0"><span class='ocrx_word' id='word_1_203' title='bbox 0 0 1394 4772; x_wconf 95' lang='lat' dir='ltr'><strong> </strong></span> 
     </span>
    </p>
   </div>
  </div>
 </body>
</html>
