2694 4764
311 449 758 532 correntes
925 483 989 538 cix

32 635 113 705 que
137 607 244 682 huius
272 611 388 706 operis
418 611 584 710 paginam
612 611 725 707 facit)
761 613 990 693 mediocriter

32 719 234 792 admodum
258 721 323 790 esse
350 721 547 805 versatum3
577 743 715 816 porro,
741 719 823 792 licet
847 723 892 796 ab
921 728 988 799 usu

32 826 252 899 Graecorum
276 827 443 902 codicum
470 825 794 922 manuscriptorum
819 852 904 902 non.
922 833 988 906 sim

32 935 171 1026 prorsus
190 936 350 1024 alienum
372 954 494 1010 tamen
513 960 554 1006 ea
575 959 650 1006 non
677 935 856 1008 considere
880 939 989 1012 felici-

31 1061 105 1114 tate
135 1043 294 1143 ingenii,
331 1070 423 1140 quae
450 1043 665 1118 desideretur
689 1041 734 1112 ad
760 1031 813 1114 tot
839 1061 987 1140 tamque
1025 1071 1031 1084 ·
1146 1039 1151 1050 ⁵

31 1153 200 1224 immania
224 1178 383 1227 errorum
404 1151 557 1226 monstra
579 1171 702 1244 atque,
714 1172 881 1244 portenta
905 1180 988 1248 pro·

30 1261 211 1353 curanda,
227 1289 338 1358 quae,
354 1259 615 1336 evetustiffimis
632 1259 893 1354 exemplaribus
905 1288 988 1356 pro-

29 1375 321 1470 pagata„optimi
338 1374 444 1448 etiam
460 1372 565 1444 nostri
580 1369 730 1442 Codices
752 1363 881 1440 inradia
905 1373 988 1442 reli·

30 1505 216 1573 queruntr
256 1485 414 1578 denique
441 1483 466 1554 li
490 1505 565 1554 non
595 1479 876 1570 dissimulavero,
903 1497 987 1555 ante

29 1591 100 1664 hoc
119 1593 310 1668 biennium
328 1595 501 1690 &parurn
521 1592 624 1686 quod
645 1592 817 1680 excurrit,
845 1593 987 1688 sparsrm
1024 1622 1026 1627 ’

31 1701 183 1792 quidem
202 1707 281 1778 loca
305 1705 481 1776 nonnulla
509 1725 554 1772 ex
573 1699 780 1790 Athenaeo,
802 1726 878 1795 quo
895 1721 986 1776 tem·

28 1831 115 1900 pore
142 1813 299 1884 maxime
324 1811 363 1882 in
394 1810 540 1882 edendo
574 1809 729 1908 Polybio
755 1835 850 1884 eram
877 1839 986 1888 occu·

29 1935 149 2007 patus,
164 1943 186 1988 a
204 1945 265 1990 me
287 1919 352 1990 else
367 1915 531 2007 nasuta,
552 1917 613 1990 sed
624 1920 761 1990 nullam
774 1921 890 2014 operis
905 1949 986 2018 par·

29 2041 101 2095 tem
120 2030 233 2120 paulo
253 2028 425 2100 maiorem
448 2052 624 2121 umquam
645 2026 743 2100 suisse
771 2025 984 2124 perletlam,

29 2126 170 2208 nedum
190 2140 393 2234 quidquam
419 2139 464 2209 ad
484 2139 681 2212 editionem
707 2140 799 2212 illius
826 2139 985 2238 spetiano

29 2245 209 2337 provisum
228 2265 291 2319 aut
312 2268 575 2344 praeparatum:
600 2237 731 2336 video,
754 2273 774 2320 a
796 2273 856 2326 me
873 2275 985 2344 quae·

30 2351 152 2425 situros
180 2349 366 2442 Lettores,
402 2380 474 2450 qua
508 2380 591 2454 ergo
621 2357 679 2426 vel
705 2355 815 2426 animi
839 2345 984 2433 audacia

29 2459 158 2549 fretus,
188 2467 248 2534 vel
280 2465 430 2536 levitatis
459 2483 571 2536 vento
604 2464 776 2564 agitatus,
815 2486 878 2535 aut
910 2492 983 2560 qua
1073 2463 1077 2472 ’

30 2571 174 2644 tandem
200 2573 398 2645 necessitate
418 2572 642 2668 compulsus,
658 2597 738 2670 ;ego
761 2571 982 2681 potissimum

29 2681 69 2748 ad
93 2683 282 2754 confilium
308 2684 438 2755 edendi
456 2684 562 2756 huius
584 2678 746 2770 Audloris
767 2709 825 2756 me
851 2684 983 2758 contu-

28 2787 144 2862 lissem.
175 2793 285 2864 Cuius
301 2795 432 2866 consilii
450 2795 645 2881 rationem,
665 2791 869 2886 priusquam
886 2781 984 2888 prae·

30 2898 125 2974 sandi
150 2903 263 2976 finem
287 2902 436 2992 faciam,
472 2903 693 2978 reddendam
718 2905 807 2974 mihi
834 2901 899 2976 else
925 2907 983 2978 in-

29 3011 160 3107 telligo.
515 3095 518 3106 ι

99 3119 245 3190 Scilicet
272 3119 329 3192 illa
363 3119 497 3214 Lipsiae
531 3119 687 3190 instituta
720 3117 980 3194 Casauboniaui

31 3225 201 3300 Athenaei
220 3229 445 3316 instauratio,
469 3229 516 3300 de
539 3251 609 3320 qua
629 3228 732 3322 supra
755 3221 890 3298 ditium
912 3227 980 3316 est,

32 3335 114 3408 scut
134 3338 288 3410 aliorum
312 3338 504 3410 hominum
533 3338 645 3409 studia
676 3337 714 3406 in
738 3337 835 3430 hunc
858 3331 982 3408 audio·

32 3467 98 3514 rem
121 3445 245 3516 denuo
269 3461 510 3532 converterat,
525 3447 570 3524 fic
588 3446 620 3516 sc
639 3444 769 3516 Virum
783 3442 982 3535 quemdam

31 3549 186 3644 inprimis
209 3550 379 3642 dodlum,
405 3551 527 3646 (cuius
547 3551 672 3624 lubens
691 3551 723 3624 8c
745 3575 879 3634 nomen
892 3551 982 3622 ede-

32 3681 128 3748 rem,
158 3661 192 3733 8c
214 3660 261 3732 de
290 3687 349 3732 me
377 3663 526 3755 filioque
551 3687 634 3734 meo
654 3661 777 3732 merita
801 3661 982 3756 praedica·

33 3793 125 3860 rem,
159 3772 270 3867 fiper
295 3773 503 3868 fingularem
527 3797 566 3844 ac
585 3773 854 3874 propemodum
882 3773 982 3844 dixe·
1084 3805 1086 3812 ,

34 3877 89 3953 tim
110 3881 275 3974 iniquam
291 3882 397 3978 ipsrus
425 3881 675 3953 verecundiam
689 3882 831 3976 liceret)
853 3883 915 3976 qui
930 3881 983 3952 in·
