2778 4772
337 451 753 541 ·ED1TOR1&
936 405 1020 538 mi

62 623 177 694 branae
201 619 291 710 elle,
318 621 356 694 in
383 623 516 716 quibus
545 626 754 718 ptaecedene
780 625 900 720 openie
920 651 1003 721 pare

58 731 173 824 scripta
198 729 323 802 suillet
348 729 411 830 'Id
431 751 555 804 autem
577 733 602 804 lt
627 751 753 808 verum
778 733 851 822 est,
880 736 1000 808 conse·

60 863 164 931 quens
186 841 260 912 fere
284 841 349 914 erit
375 857 417 912 ut
437 843 664 918 statuendum
691 845 749 931 fit,
773 847 857 916 alios
876 871 1000 918 omnes

58 950 224 1023 Athenaei
245 953 406 1038 codices,
437 953 501 1044 qui
523 952 624 1045 quod
645 954 690 1022 de
710 955 872 1046 pleniore
891 980 1002 1049 opere

58 1061 201 1154 lupetell
221 1062 432 1149 continent,
446 1085 603 1154 quorum
623 1061 771 1154 quidem
794 1063 912 1132 adhuc
932 1088 1002 1134 no-

56 1169 123 1238 titia
142 1170 187 1240 ad
209 1193 277 1240 nos
296 1170 519 1264 pervenerit,
549 1193 595 1240 ex
615 1171 682 1256 huc
702 1170 829 1240 eodem
851 1170 927 1265 ipso
941 1195 1003 1242 co·

57 1279 146 1366 dice,
168 1281 219 1350 de
240 1305 316 1373 quo
337 1283 544 1372 loquimur,
566 1301 750 1374 tamquam
775 1283 1006 1354 ecommuni

57 1389 169 1477 fonte,
191 1389 261 1462 elle
280 1393 464 1462 derivatos.
493 1393 575 1494 Qua
592 1391 637 1463 de
655 1417 692 1462 re
709 1393 734 1462 fi
754 1391 812 1460 cui
826 1392 931 1463 etiam
946 1411 999 1464 at·

58 1525 122 1590 que
145 1501 257 1571 etiam
285 1500 476 1572 dubitandi
512 1503 610 1572 locus
635 1501 777 1572 videtur
802 1499 1001 1593 supereffet

58 1633 130 1704 age,
150 1610 339 1680 videamus
360 1633 455 1696 nos,
469 1633 644 1702 quaenam
666 1609 707 1679 stt
726 1609 883 1680 eiusdem
896 1609 999 1682 codi-

59 1717 99 1785 tis
129 1717 219 1788 ratio
256 1719 304 1788 eie
331 1719 495 1804 inlotis,
528 1719 659 1810 quibus
679 1719 810 1812 partim
835 1719 872 1790 in
904 1721 999 1791 libro

57 1825 273 1912 undecimo,
292 1826 421 1919 partim
439 1826 505 1896 sub
531 1829 638 1896 linem
662 1827 790 1898 decimi
813 1828 932 1919 quinti
956 1828 999 1898 li·

59 1931 123 2017 bri,
138 1933 228 2006 ficut
240 1931 411 2006 Aldinam
424 1933 639 2022 editionem,
659 1934 704 2007 lic
721 1934 753 2004 8<
773 1937 855 2006 alios
871 1959 999 2006 omnen

60 2063 137 2130 quos
156 2045 326 2112 novimus
348 2041 508 2132 codices,
533 2043 665 2118 lacunis
685 2042 903 2138 quibusdam
923 2042 998 2114 hia·

60 2173 91 2218 te
110 2148 301 2224 diximus*
313 2155 327 2246 )
489 2205 492 2212 »

118 2263 232 2360 Igitur
250 2264 342 2335 libro
361 2263 423 2336 XI.
446 2292 482 2360 p.
499 2265 579 2358 466.
595 2265 630 2338 d.
652 2266 778 2338 lacuna
804 2265 873 2350 est,
904 2263 1005 2334 male.

59 2370 97 2440 ab
113 2374 251 2444 editore
270 2373 413 2445 Veneto
429 2379 484 2470 (p.
506 2379 581 2446 188.
607 2377 633 2444 l.
649 2399 704 2446 no.
715 2377 727 2468 )
738 2373 938 2444 -incrullata
949 2395 997 2446 *ao

62 2478 282 2568 dillmulata3
306 2506 414 2576 quam
429 2485 560 2556 deinde
573 2482 801 2554 Casaubonus
818 2481 856 2552 in
873 2479 997 2550 Anim·

60 2587 127 2656 adv.
143 2590 207 2660 lib.
222 2589 285 2658 xl.
308 2613 381 2682 cap.
398 2613 431 2680 4.
449 2613 495 2660 ex
510 2589 691 2683 Epitoma,
708 2587 831 2680 quoad
849 2585 922 2656 fieri
935 2609 997 2678 po·
1107 2663 1110 2672 ,

61 2711 182 2787 tuent,
205 2698 396 2792 supplevit.
415 2697 523 2768 Cuius
545 2699 689 2768 lacunae
710 2695 866 2768 nonalia
884 2692 996 2764 caulla

60 2825 114 2878 aut
132 2811 232 2908 otigo
257 2809 324 2897 est,
344 2809 406 2879 nin
423 2807 526 2901 quod
546 2809 583 2878 in
601 2807 668 2878 illis
686 2807 807 2879 nollris
824 2805 998 2917 membra·
1076 2880 1083 2894 ,

62 2915 107 2985 nis
126 2919 256 2990 eodem
283 2919 366 2988 loco
387 2916 470 2998 folia
502 2917 640 3008 aliquot
670 2919 849 3008 (quatuor
877 2913 997 3006 puto)

62 3025 156 3116 olim,
173 3029 385 3124 priusquam
398 3025 601 3120 compactus
619 3023 699 3100 ellet
717 3026 825 3113 liber,
844 3023 996 3116 abrupta

63 3134 181 3210 luerint
202 3156 314 3232 atque
332 3137 510 3232 perierint.

101 3245 173 3318 Sub
195 3250 309 3319 linem
330 3248 413 3320 libri
433 3247 562 3318 decimi
585 3247 722 3341 quinti,
746 3245 860 3340 prima
883 3245 931 3314 ell
947 3244 998 3312 la·

62 3376 140 3428 tuna
152 3355 192 3428 in
207 3357 366 3428 editione
379 3351 515 3430 Veneta
535 3379 612 3453 pag.
629 3377 708 3446 equ.
731 3353 803 3422 fere
820 3345 996 3436 extremit,

62 3489 98 3535 eo
117 3470 196 3540 loco
220 3469 286 3561 qui
306 3471 344 3538 in
364 3469 520 3540 editione
541 3466 737 3539 Cal'auboni
760 3464 807 3540 est
822 3486 899 3558 pag.
914 3462 994 3556 fiqq.

62 3573 139 3648 lits.
173 3565 366 3652 Ibieditio
387 3581 480 3656 Ven·
505 3580 622 3656 subito
646 3582 771 3656 desinit
790 3580 827 3646 in
845 3577 897 3648 his
918 3601 997 3651 ver·

62 3772 88 3810 ne
99 3757 216 3814 librorum
239 3759 317 3813 boios
336 3761 429 3831 Operis
444 3764 507 3820 tina
547 3762 577 3816 de
585 3763 699 3828 superius
714 3763 785 3827 dina,
793 3781 820 3831 p.
830 3775 901 3814 tunt
911 3775 966 3816 not.
969 3763 996 3830 s.

63 3834 214 3907 lunnpoev
228 3840 298 3912 seqq.
310 3855 364 3895 not.
376 3861 399 3910 q.
581 3845 616 3914 l)
632 3847 700 3900 vide
714 3844 801 3912 supra,
821 3865 848 3916 p.
865 3862 957 3906 xxvtu
971 3845 997 3904 ὰ

88 3917 112 3984 i)
126 3921 165 3975 De
176 3920 222 3979 iste
237 3938 305 3980 voce
320 3923 454 3996 μυοηίπφ
467 3924 507 3980 vi·
546 3943 574 3994 p.
586 3941 640 3980 ux
655 3924 692 4001 sq.
705 3937 762 3980 not.
777 3943 804 4000 g.
