2778 4772
348 453 777 560 aorronra·
995 479 1040 540 aa

86 611 330 704 Philemonis,
350 639 371 686 a
393 616 473 686 viris
501 609 613 687 donis
635 615 764 702 editas,
788 615 946 712 inspiciat
965 619 1038 692 Ex·
1073 693 1077 704 ,

87 739 204 814 cerpta
220 747 240 792 e
255 722 458 820 Tragoediia
473 721 506 792 dt
524 724 729 795 Comoediis
744 725 880 796 Graecia
897 725 942 796 ab
955 727 1037 799 Hu⁴

84 853 180 927 gone
200 831 328 903 Grotio
354 827 517 910 coliedar
540 832 699 925 inspiciat
722 831 931 926 Lyricorum
954 835 1037 906 reti,

85 941 207 1032 quiae,
237 937 271 1011 85
292 942 442 1012 omnino
470 957 633 1012 veterum
653 943 828 1012 Poetarum
847 942 1036 1026 Analedar

84 1047 250 1138 videbit,
277 1069 433 1144 quantur
459 1052 501 1122 fit
523 1075 694 1123 numerus
718 1050 1036 1144 pretiosissimarum

84 1181 132 1230 ex
158 1159 321 1232 universo
349 1158 412 1230 isto
441 1183 569 1256 genere
599 1147 966 1252 reliquiarumquae
990 1160 1039 1232 ab
1074 1179 1077 1184 ’

84 1287 161 1336 uno
182 1265 336 1336 maximo
355 1263 540 1336 Athenaeo
559 1265 664 1336 nobis
685 1261 968 1350 conservatae&
990 1281 1035 1336 ert

84 1395 162 1444 uno
184 1357 402 1466 potissimum
420 1374 490 1444 hoc
513 1397 642 1467 opere,
661 1372 706 1444 de
728 1396 804 1466 quo
824 1371 978 1470 agimus,
997 1373 1036 1448 in

84 1477 320 1554 collectiones
338 1483 412 1552 istae
433 1502 593 1576 receptae
610 1483 702 1552 sunt

148 1589 223 1660 Nec
243 1615 329 1660 vero
356 1589 582 1662 diffitendum
610 1591 680 1681 est,
716 1589 911 1683 quodiam
934 1587 1035 1660 'tuitio

85 1698 294 1796 significavi,
307 1678 499 1773 nonninus
510 1700 729 1800 ingeniosum
743 1701 809 1772 effe
825 1699 914 1770 arud
931 1700 1038 1774 huius

82 1808 245 1885 Audioris
262 1813 470 1898 inventum,
491 1835 530 1882 ac
551 1834 598 1880 ne
613 1810 689 1885 satis
707 1810 854 1902 quidem
867 1811 923 1879 vel
936 1833 1035 1878 com·

54 1918 234 2012 ¹modurn
259 1921 314 1992 vel
340 1918 551 2012 probabile,
577 1941 652 2010 quo
683 1942 806 1990 omnes
834 1919 907 1986 istas
930 1915 1034 2008 super

81 2045 155 2100 tam
182 2025 408 2100 diversissimis
434 2025 650 2123 argumentis
678 2025 960 2120 disputationes,
994 2021 1033 2092 in

82 2133 202 2226 eisque
221 2136 349 2207 multas
372 2135 411 2206 in
434 2137 585 2230 longum
606 2133 805 2206 admodum
825 2126 1029 2228 prodatur,

79 2264 157 2313 uno
181 2244 220 2314 in
244 2243 435 2332 convivio,
461 2245 640 2316 occasione
661 2242 870 2312 idemtidem
895 2257 1031 2332 captat¹

80 2351 181 2422 variis
198 2351 288 2422 cibit
297 2351 452 2422 subinde
470 2353 590 2437 illatio,
613 2351 749 2424 habitas
762 2351 876 2426 finxit:
894 2350 942 2420 At
953 2372 1033 2428 rur-,-

79 2455 137 2528 sua
160 2475 281 2528 tamen
313 2457 595 2550 disputationum
618 2457 771 2551 ipsarum
798 2481 881 2532 curn
906 2457 1029 2551 perse

80 2561 343 2654 oblesiatione,
366 2561 446 2638 tum
467 2567 621 2640 iucunda
644 2566 831 2653 varietate,
861 2569 908 2638 ita
931 2583 1031 2636 tene·

80 2691 140 2747 tur
162 2677 377 2770 plerumque
396 2677 694 2772 demulceturque
710 2675 839 2764 ledor,
855 2701 895 2748 ac
907 2675 1030 2746 subin·

81 2783 128 2858 de
142 2785 249 2860 etiam
264 2787 377 2859 veluti
389 2787 581 2884 abripitur,
596 2805 653 2875 ut,
668 2787 692 2858 st
713 2787 803 2880 quid
824 2787 862 2855 in
883 2783 1029 2860 univer«

80 2894 106 2968 st
131 2893 291 2966 dramatis
324 2897 534 2972 oeconomia
562 2895 729 2971 vitiosum
756 2896 868 2968 videri
894 2911 1028 2988 queat,

81 3005 191 3096 (nam
215 3005 328 3076 veluti
355 3029 526 3104 magnum
551 3006 698 3098 aliquod
727 3002 885 3080 drama⁸)
902 3003 1028 3074 instru-

81 3107 180 3184 dium
203 3129 322 3186 totum
346 3135 435 3204 opus
455 3115 616 3190 voluerat
636 3108 786 3208 audior)
818 3137 861 3186 eo
884 3135 930 3184 ne
952 3138 1028 3208 ma·

79 3245 237 3318 gnopere
268 3221 417 3317 quidem
445 3222 617 3296 offensum
645 3223 680 3296 se
705 3223 837 3306 sentiat.
873 3222 1025 3294 Videtur

79 3345 200 3400 tamen
216 3331 288 3425 ipse
308 3325 431 3402 aanor
460 3351 735 3426 nonnumquam
756 3335 897 3405 rationis
914 3334 1025 3422 illius,

82 3459 192 3528 quarn
210 3437 347 3512 secutur
358 3441 427 3528 est,
443 3440 672 3530 incommoda
689 3441 911 3516 intellexisset
933 3468 1026 3538 quae

78 3567 165 3616 cum
189 3546 259 3616 aliia
281 3547 397 3622 modia
423 3550 539 3622 levare
563 3545 718 3639 studuit,
758 3569 838 3624 tum
862 3553 957 3640 hoc,
984 3569 1025 3626 ut

79 3651 205 3724 omisso
229 3653 406 3726 interdurn
427 3658 488 3728 illo
511 3659 607 3752 apud
628 3660 828 3732 Larensrum
845 3664 1023 3750 convivio,

81 3763 280 3858 omissisque
302 3791 391 3860 quos
407 3767 555 3846 finxerat
576 3771 751 3862 convivis,
767 3773 812 3848 ad
832 3795 948 3850 unum
960 3771 1023 3848 Ti·

113 3909 149 3982 a)
164 3909 230 3970 Vide
243 3911 263 3965 1.
275 3912 328 3970 nf-
