2778 4772
374 437 430 492 ru
626 411 1082 490 PRAEFATIO

370 575 644 650 casaubonianis
655 627 666 663 ,
679 599 746 674 ego
764 599 809 646 ex
821 601 897 670 quo
911 577 956 648 ad
974 577 1063 650 hanc
1078 579 1314 672 qualemcum-

373 713 447 786 que
473 711 617 782 operam
640 685 825 758 Athenaeo
850 685 1051 759 navandam
1075 713 1136 759 me
1159 688 1313 776 accinxi,

372 799 588 896 potissimum
615 795 764 890 quidem
785 795 948 870 adsitetur
971 798 1050 871 sum
1073 801 1239 894 exemplo
1265 797 1313 870 uti

371 907 497 980 oertiae
517 905 704 994 editionis,
729 896 891 978 enimin
919 931 992 978 orae
1023 908 1195 979 coniicere
1215 909 1314 979 etiam

372 1017 511 1088 notulae
531 1030 626 1086 mear
638 1014 748 1086 soleo:
763 1013 824 1086 sed
836 1017 1032 1087 constanter
1045 1016 1148 1087 simul
1163 1015 1230 1088 sub
1242 1015 1314 1088 o'cu·
1367 1091 1368 1094 ,

370 1127 414 1197 lie
429 1124 581 1196 versatur
603 1123 717 1218 prima
736 1121 867 1210 editio,
879 1123 926 1194 ab
945 1123 1020 1218 ipso
1036 1119 1315 1198 Casaubonocu·

370 1250 467 1322 nte,
494 1233 595 1304 cuius
611 1233 699 1302 mihi
721 1232 796 1302 duo
820 1230 865 1301 ad
887 1253 1012 1302 manue
1031 1231 1113 1303 sunt
1133 1237 1313 1329 exemplar

369 1345 545 1430 alterum,
569 1343 669 1413 cuius
691 1342 759 1412 oris
783 1340 1018 1413 inscribendae
1043 1365 1248 1414 curaveram
1268 1345 1315 1414 le·

368 1451 503 1527 &iones
527 1479 548 1526 e
570 1453 812 1524 Parisrensrbur
842 1451 1086 1545 manuscriptis
1112 1473 1312 1547 excerptas3

367 1563 548 1646 alterum,
571 1559 700 1651 inquo
718 1558 891 1630 Graecum
907 1552 1139 1646 contextum,
1159 1579 1270 1654 prout
1282 1562 1315 1632 in

367 1695 414 1742 eo
429 1667 642 1741 recensendo
657 1667 979 1760 constituendoque
1005 1692 1071 1760 pro
1089 1668 1315 1742 meoiudicio

367 1777 604 1876 progredior,
635 1777 682 1848 ed
707 1778 851 1870 prelum
878 1801 964 1870 paro
990 1774 1022 1846 ἃ
1048 1777 1095 1848 ad
1122 1767 1316 1850 institutum

368 1909 493 1956 meum
517 1885 661 1978 adepto.
686 1883 877 1978 Denique,
899 1883 1010 1956 srcubi
1035 1883 1172 1956 differre
1192 1888 1318 1958 nonni·

366 1995 419 2066 hil
438 1994 533 2064 inter
554 1994 694 2064 tertiam
717 1992 750 2064 Sc
773 1993 924 2086 primam
945 1991 1128 2089 intelligo,
1149 1993 1246 2065 adest
1267 2011 1317 2066 et·

367 2102 439 2174 inm
464 2101 637 2174 secundae
661 2090 835 2174 Edit'ionie
863 2101 1096 2194 exemplum,
1131 2101 1236 2193 quod
1266 2105 1318 2174 in·

367 2209 497 2305 spicio,
519 2229 579 2297 ut,
594 2208 685 2302 quid
707 2209 765 2278 illa
785 2207 846 2278 det
867 2232 911 2278 eo
930 2210 1032 2295 loco,
1053 2206 1203 2278 videam.
1227 2211 1318 2281 Nam
1367 2217 1368 2306 ζ

365 2324 450 2394 licet
464 2323 563 2393 nulla
580 2347 616 2392 re
634 2323 744 2416 paulo
766 2319 891 2391 maiori
911 2317 1073 2390 differant
1093 2319 1185 2392 inter
1200 2319 1237 2393 se
1254 2339 1318 2394 tres

366 2433 446 2506 illae
468 2434 671 2520 Editiones3
698 2433 824 2504 tamen'
836 2431 875 2502 in
900 2453 1022 2502 earum
1044 2451 1117 2499 una
1144 2448 1205 2502 aut
1233 2434 1318 2505 alte·

364 2567 403 2613 ra
419 2541 601 2612 interdurn
623 2565 812 2635 operarum
834 2564 949 2612 errore
968 2537 1246 2633 praetermiffum
1272 2541 1317 2611 est

364 2652 553 2738 nonnihil,
575 2651 678 2743 quod
703 2652 743 2722 in
769 2654 875 2722 altera
895 2651 1119 2744 suppletum
1145 2641 1207 2722 ant
1233 2655 1320 2726 alius

366 2783 462 2830 error
482 2760 609 2852 aliquio
626 2760 671 2830 ab
690 2759 806 2852 operis
829 2757 1013 2843 admissus,
1033 2758 1095 2828 ubi
1118 2759 1155 2828 in
1176 2761 1243 2831 alia
1261 2785 1320 2832 ve·

365 2893 448 2942 rum
468 2871 645 2942 servatum
666 2887 728 2968 ant
744 2871 945 2942 restitutum
966 2867 1073 2963 eii-⁶)
1098 2859 1209 2967 Igitur
1223 2895 1321 2964 quo·

366 2979 430 3048 ties
454 2977 491 3048 in
513 2977 627 3049 nostra
647 2977 803 3050 editione
823 2978 892 3050 five
917 2979 954 3048 in
980 2979 1147 3050 brevibus
1171 2977 1321 3052 Notulis

365 3087 553 3157 contextui
571 3086 690 3158 nostro
716 3083 993 3174 subiessir,s1ve
1016 3088 1054 3160 in
1082 3087 1321 3160 Animadver-

365 3193 545 3285 fionibus,
575 3193 674 3266 nude
698 3220 738 3267 ac
763 3195 966 3290 simpliciter
991 3197 1038 3266 ed.
1068 3196 1140 3292 Cas.
1171 3196 1246 3292 (id
1274 3197 1321 3268 est

398 3385 433 3454 t)
449 3385 574 3438 Universe
587 3385 722 3456 fispeflee.
733 3403 820 3441 onmes
859 3385 938 3456 ipfior
953 3386 1093 3440 crsenboni
1112 3387 1195 3442 erulis
1207 3388 1322 3450 excuser

364 3459 422 3516 ittae
436 3475 488 3516 tres
503 3463 633 3518 Editiooer
647 3465 769 3533 probabili
781 3465 820 3520 se·
859 3466 1057 3535 longeplor'rbur
1067 3465 1146 3520 scater
1156 3469 1236 3522 attera
1247 3486 1257 3530 ς
1269 3487 1324 3522 run

364 3541 399 3594 tit
417 3540 477 3594 curi
491 3539 620 3610 impress'ee
635 3541 708 3606 suot,
720 3559 767 3595 net
785 3543 821 3596 ite
858 3545 900 3598 stre
914 3546 990 3613 paulo
1009 3545 1154 3614 diligentius
1169 3562 1259 3600 turm
1276 3565 1324 3616 po·

364 3619 473 3686 multis(
487 3635 551 3687 quae
566 3618 592 3672 io
606 3619 749 3672 huiusmodi
760 3637 821 3688 ope·
858 3617 963 3689 ſtrena,
977 3623 1004 3676 io
1021 3641 1071 3692 que
1086 3638 1170 3678 remeo
1193 3625 1219 3678 ἀ
1233 3625 1324 3680 subin·

353 3713 392 3750 re
411 3713 484 3767 aegre
502 3699 652 3768 errentur)
674 3699 761 3752 erretis
776 3699 821 3754 de·
858 3701 890 3754 de
908 3703 1014 3770 reperire
1032 3703 1093 3757 sunt
1111 3704 1233 3758 secundae
1254 3724 1325 3760 erra·

365 3775 508 3848 formatae:
531 3778 562 3830 rh
580 3776 619 3830 hir
640 3789 723 3832 tameo
742 3777 820 3848 megin
844 3789 898 3842 ἐι,
911 3793 955 3833 nur
972 3782 1049 3836 novis
1063 3786 1191 3837 moribus
1208 3784 1282 3854 (sed
1297 3787 1324 3839 it

365 3853 470 3912 atterit
486 3853 605 3909 ionum
621 3856 700 3924 prime
715 3855 820 3924 eihstete
858 3857 938 3912 rarior
956 3859 1073 3930 quidem)
1087 3865 1168 3918 tutte.
1195 3862 1224 3914 lo
1241 3882 1325 3934 opere
