2694 4764
400 509 454 568 cx
653 481 1115 564 PRAEFATIO

400 651 450 725 de
471 677 491 724 a
514 649 658 751 triginta
677 653 776 724 annis
796 673 880 747 prae
900 649 1041 722 caeteris
1061 649 1134 720 aliia
1149 641 1337 721 auctoribus

400 763 627 834 Athenaeum
646 763 683 833 in
705 761 835 834 deliciis
857 761 1050 850 habuerat,
1071 759 1241 833 stabilio
1264 755 1335 828 inde

398 887 563 966 tempore
589 869 771 965 quidquid
798 871 843 942 ad
870 869 1129 965 expoliendum
1158 871 1255 942 hunc
1281 891 1334 938 au·

400 977 535 1054 ctorem
563 981 756 1076 pertineret
775 981 925 1053 studiose
954 979 1215 1073 conquisiverat
1237 979 1335 1048 adno-

397 1109 605 1186 taveratque
618 1145 629 1180 ,
644 1093 833 1180 excitavit,
846 1109 889 1164 ut
909 1089 1050 1164 suarum
1066 1092 1105 1162 in
1122 1087 1333 1162 Athenaeum

399 1201 703 1274 Observationum
720 1199 752 1271 sc
769 1199 1074 1272 Eruendationum
1089 1199 1269 1299 syntagma
1281 1219 1335 1292 per

398 1329 459 1380 me
478 1307 638 1380 Exrtno
660 1309 798 1396 nostro,
828 1307 919 1380 Viro
946 1301 1080 1396 dotto,
1103 1309 1168 1401 qui
1191 1307 1335 1378 instituto

398 1417 655 1516 typographico
665 1418 846 1490 Societatis
860 1417 1070 1510 Bipontinae
1081 1417 1233 1511 praeest,
1246 1415 1332 1509 quod

397 1521 508 1597 hodie
527 1525 592 1596 hac
612 1524 650 1594 in
669 1526 758 1597 urbe
781 1525 877 1598 sedes
898 1525 973 1598 suas
997 1527 1125 1616 habet,
1150 1529 1245 1624 typis
1268 1528 1332 1596 vul«

397 1634 527 1732 gandae
540 1631 688 1706 offerret
713 1635 875 1713 Exterus.
896 1637 955 1709 cui
968 1637 1064 1708 haud
1075 1639 1254 1708 immerito
1266 1659 1333 1706 con·

398 1739 514 1814 filium
531 1739 622 1812 illud
644 1739 875 1836 Lipsrenfium
895 1739 1069 1816 Athenaei
1088 1745 1280 1816 editionem
1295 1745 1332 1812 ita

388 1849 634 1937 ‘hrstaurandi,
652 1865 694 1920 ut
710 1866 899 1922 contextus
914 1850 1202 1923 Casaubonianus
1218 1851 1334 1942 absque

388 1956 599 2030 ‘mutatione
624 1974 866 2050 repeteretur,
904 1983 1030 2054 parum
1062 1959 1255 2032 commode
1281 1959 1333 2027 ini·

400 2085 482 2141 tum
504 2067 619 2140 visum
644 2085 738 2156 erat,
764 2067 877 2141 &cui
900 2070 970 2140 iam
995 2087 1083 2141 tunc
1104 2067 1252 2162 suspicio
1274 2081 1332 2138 erat

398 2178 526 2252 oborta
546 2177 685 2250 exitum
709 2198 784 2248 non
805 2177 1004 2250 habituram
1020 2177 1116 2250 illam
1134 2178 1333 2260 editionem,

398 2291 517 2364 multo
542 2290 669 2360 melius
690 2287 897 2360 satisfadium
926 2291 966 2360 iri
990 2288 1165 2360 desideriis
1190 2307 1332 2359 commo·

399 2397 528 2490 disque
546 2396 781 2469 studiosorum
805 2391 979 2467 letiorum
1002 2393 1205 2482 iudicabat,
1226 2394 1250 2463 st
1272 2411 1332 2461 non

397 2525 472 2580 tam
496 2507 681 2603 separatim
701 2509 891 2578 ederentur
917 2508 955 2577 in
971 2503 1200 2577 Athenaeum
1219 2503 1332 2576 Obser-

397 2617 585 2704 vationes,
607 2637 715 2710 quam
737 2613 762 2686 s1
783 2637 853 2710 ope
874 2617 984 2688 totius
1009 2617 1197 2709 adparatus
1218 2616 1331 2686 critica·

396 2749 481 2800 rum
507 2725 823 2812 Adnotationum,
851 2749 945 2818 qnae
973 2725 1011 2794 in
1038 2727 1134 2796 hunc
1162 2721 1329 2797 aridiorem

399 2833 592 2926 exstarent,
604 2833 767 2904 adhibito
788 2834 892 2904 srmul
908 2833 933 2904 si
951 2833 1054 2925 quod
1066 2833 1266 2926 suppeteret
1280 2853 1329 2902 co·

398 2941 523 3016 dicum
542 2943 863 3038 manuscriptorum
881 2943 1054 3031 subsidio,
1077 2945 1237 3040 primum
1259 2931 1343 3014 con?

397 3051 563 3126 ficeretur
581 3053 686 3147 ipsrua
709 3055 848 3152 exernpli
865 3053 925 3124 seu
948 3055 1091 3130 Textus.
1111 3055 1175 3149 qui
1197 3053 1328 3134 dicitur,

332 3193 335 3202 ’
396 3183 492 3235 nova
524 3157 706 3250 recensio,
738 3159 871 3234 adiedia
898 3161 1024 3232 itidem
1055 3186 1149 3233 nova
1179 3163 1326 3258 Verſsone.

397 3267 591 3341 emendato
604 3267 791 3339 contextui
808 3265 991 3360 adaptata;
1015 3283 1094 3340 tum
1115 3269 1328 3341 srrsdnotatio·

396 3397 461 3454 ms·
478 3375 644 3466 eundae,
665 3379 735 3450 slve
752 3378 863 3450 critici
882 3379 1080 3474 argumenti
1095 3361 1196 3466 ,sive
1213 3373 1328 3449 hisson·

397 3491 447 3577 ci,
465 3507 527 3562 aut
544 3491 804 3580 cuiuscumque
826 3488 982 3588 generis,
1004 3489 1204 3562 simulcum
1225 3487 1327 3580 Casur-

396 3600 469 3670 brni
483 3597 810 3692 Animadverswnibus
822 3599 861 3668 in
876 3621 991 3668 unum
1009 3600 1224 3670 continuum
1238 3597 1327 3668 Com·

284 3743 288 3748 ·
396 3707 612 3780 mentarium
628 3705 908 3794 coniicerentur,
927 3705 974 3777 ad
996 3727 1126 3779 novam
1138 3683 1339 3778 Editionem¹

398 3815 727 3889 adcommodatum.
755 3810 852 3887 Illud
869 3815 989 3886 Exteri
1011 3817 1215 3902 consilium,
1238 3811 1325 3908 ipsrns

389 3943 545 4036 rogatu,
563 3927 825 4003 communicavi
846 3949 932 4001 cum
952 3951 1014 4018 eo,
1033 3951 1144 4024 quern
1167 3926 1255 4016 dixi,
1271 3920 1325 3991 do·
